2040 3216
82 198 164 237 584,
282 208 284 211 ·
750 195 882 242 Nabis,
905 195 1012 233 Delii.
1505 209 1536 234 c.
1555 199 1621 236 197
1641 210 1678 236 a.

0 389 1 392 Ἴ
36 344 62 380 5
83 339 140 381 ὢν
172 338 350 381 διατελεῖ
377 337 469 394 περί
496 353 540 379 τε
570 335 615 379 τὸ
649 335 754 394 ἱερὸν
784 336 854 379 καὶ
883 335 950 378 τὸν
983 335 1218 394 ὃῆμονΙτὸν
1250 336 1408 393 Δηλίων
1438 337 1508 380 καὶ
1534 338 1676 395 χρείας

81 407 308 464 παρέχεται
335 405 406 449 καὶ
435 405 676 462 κοινῆιΙτῆι
705 407 822 448 πόλει
850 405 920 448 καὶ
953 405 1053 447 ἰδίαι
1081 406 1163 453 τοῖς
1194 404 1507 462 ἐντυγχάνουσιν
1539 405 1678 463 αόῙτῶι

82 478 162 518 τῶν
191 477 378 530 πολιτῶν,
415 475 473 522 εἰς
510 474 536 517 ἃ
577 473 626 517 ἄν
666 491 726 523 τις
764 473 883 517 αὐτὸν
919 473 1405 532 παρακαλεῖ,Ιδεὸόχθαι
1433 479 1500 531 τῆι
1533 477 1677 532 βουλῆι

82 542 155 586 καὶ
183 546 257 587 τῶι
285 543 432 600 δήμωι,
465 541 572 586 εἶναι
606 542 768 601 βασιΙλῆ
802 541 939 601 Νάβιν
971 541 1218 600 Δημαράτου
1238 544 1557 599 Λακεδαιμόνιον
1578 545 1677 600 πρό-

12 617 60 654 10
83 610 201 671 ξεινον
230 611 301 657 καὶ
332 613 545 670 εὐεργέτην
566 615 637 655 τοῦ
657 629 700 655 τε
724 613 832 669 ἱεροῦ
853 611 922 655 καὶ
943 612 1103 669 Δηλίων
1130 611 1198 655 καὶ
1217 611 1223 669 Ι
1242 612 1361 655 αὐτὸν
1382 612 1450 655 καὶ
1472 614 1674 669 ἐκγόνους,

80 679 151 725 καὶ
188 680 293 725 εἶναι
329 681 463 729 αὐτοῖς
505 683 546 725 ἐν
586 680 842 739 ΔήλωιΙγῆς
879 681 948 724 καὶ
986 681 1115 730 οἰκίας
1153 681 1336 738 ἔνκτησιν
1373 681 1441 725 καὶ
1478 682 1673 738 πρόσοδον

79 749 178 807 πρὸς
206 749 468 808 τὴνΙβουλὴν
499 749 569 793 καὶ
599 749 666 793 τὸν
699 753 826 807 δῆμον
866 751 1039 808 πρώτοις
1077 748 1177 807 μετὰ
1215 748 1266 793 τὰ
1310 749 1421 807 ἱερά·
1468 749 1675 808 ὑῙπάρχειν

10 822 58 860 1⁵
83 817 128 862 δὲ
169 819 296 862 αὐτῶι
329 819 399 863 καὶ
434 817 486 862 τὰ
526 819 632 862 ἄλλα
671 821 749 862 ὅσοι
787 820 944 862 δέδοται
981 818 1173 877 καὶΙτοῖς
1205 819 1344 867 ἄλλοις
1372 820 1576 876 προξένοις
1605 818 1674 862 καὶ

81 887 312 947 εὐεργέταις
341 891 413 930 τοῦ
443 903 486 930 τε
504 887 510 946 Ι
530 889 641 945 ἱεροῦ
670 888 740 930 καὶ
762 888 931 944 Δηλίων.
973 887 1208 945 ἀναγράψαι
1230 888 1274 930 δὲ
1294 890 1386 931 τόδε
1406 887 1449 930 τὸ
1473 886 1675 945 ψήφισΙμα

2 956 8 961 ’
79 954 152 1013 τὴν
183 955 255 1012 μὲν
285 956 434 1014 βουλὴν
456 958 514 1004 εἰς
534 956 579 999 τὸ
604 958 899 1014 βουλευτήριον,
923 956 1014 1005 τοὺς
1033 957 1037 1012 Ι
1056 957 1116 1012 [δὲ
1150 956 1388 1013 ἱεροποι]οὺς
1409 958 1465 1004 εἰς
1487 956 1530 999 τὸ
1555 958 1671 1013 ἱερόν.

78 1021 334 1082 Ἀντικράτης
369 1024 720 1082 Τηλε1[μνὴστου4
755 1026 1029 1082 ἐπεψήφισεν]

79 1097 126 1134 in
147 1109 282 1134 corona
305 1099 450 1135 laurea:
484 1096 505 1135 ὁ
539 1095 664 1149 δῆμος
696 1095 716 1135 ὁ
749 1094 919 1149 Δηλίων.

79 1222 128 1247 ex
157 1211 470 1258 inscriptionibus
495 1212 686 1248 Deliorum
718 1211 844 1248 nullas
876 1211 1061 1248 maiorem
1092 1222 1178 1248 cum
1207 1212 1283 1248 hac
1307 1212 1544 1248 litteraturae
1568 1212 1671 1247 simi-

78 1269 279 1305 litudinem
308 1269 454 1306 habere
484 1269 721 1314 observavit,
755 1280 870 1315 quam
902 1280 970 1305 eas
1000 1280 1099 1315 quae
1133 1269 1246 1306 annis
1267 1269 1336 1305 201
1360 1272 1400 1305 et
1425 1269 1493 1304 197
1524 1269 1671 1305 incisae
1724 1300 1727 1302 .

78 1329 219 1363 essent.
258 1326 405 1362 Deinde
420 1336 512 1362 vero
538 1337 562 1362 a
579 1326 696 1362 Deliis
712 1326 837 1362 Nabin
860 1325 919 1362 his
944 1326 1155 1362 honoribus
1180 1325 1284 1362 affici
1307 1336 1387 1362 non
1409 1326 1579 1372 potuisse
1596 1326 1671 1361 nisi

78 1393 147 1428 per
177 1394 226 1420 ea
254 1385 439 1429 tempora,
470 1383 607 1429 quibus
641 1393 729 1418 cum
759 1382 1173 1429 Philippo-Macedone
1209 1385 1275 1419 aut
1304 1383 1500 1428 Romanis,
1532 1382 1670 1429 quibus

78 1440 270 1477 Deliorum
300 1440 515 1486 respublica
547 1450 616 1486 per
645 1442 766 1476 totum
798 1440 898 1476 illius
931 1451 1092 1486 regnum
1124 1440 1293 1477 obnoxia
1318 1443 1411 1486 erat,
1444 1441 1479 1476 ei
1504 1440 1671 1476 amicitia

77 1498 334 1535 intercederet
363 1508 410 1534 ac
442 1497 556 1534 simul
579 1497 971 1534 Lacedaemoniorum
1006 1498 1141 1534 classis
1165 1509 1309 1543 magna
1332 1498 1372 1533 in
1396 1498 1495 1533 mari
1517 1498 1671 1542 Aegaeo

77 1554 255 1602 potentia
277 1557 393 1602 atque
418 1554 647 1591 auctoritate
672 1558 850 1591 uteretur.
894 1555 1004 1600 Quod
1028 1558 1231 1601 utrumque
1248 1555 1492 1591 coniunctum
1509 1566 1588 1591 non
1607 1566 1671 1591 ca-

78 1612 167 1649 dere
190 1612 265 1649 nisi
287 1612 328 1648 in
354 1623 498 1649 annum
515 1613 595 1655 197,
622 1623 697 1658 quo
722 1612 823 1648 inter
838 1612 876 1648 T.
896 1612 1113 1657 Quinctium
1130 1613 1386 1648 Flamininum
1411 1615 1450 1648 et
1473 1613 1598 1648 Nabin
1625 1613 1672 1648 de

77 1669 247 1706 amicitia
271 1679 317 1706 ac
341 1670 526 1706 societate
550 1669 720 1706 ineunda
745 1669 926 1705 convenit
952 1670 1044 1713 (Liv.
1061 1669 1194 1705 XXXII
1209 1668 1348 1715 39,10).
1480 1671 1506 1705 3
1529 1669 1668 1705 Dama-

14 1767 19 1770 ·
76 1729 184 1765 ratus
215 1727 371 1774 quidam
396 1727 598 1773 Gorgionis
629 1727 655 1763 f.
679 1719 1009 1764 Lacedaemonius
1040 1730 1087 1771 (n.
1112 1727 1191 1770 381)
1225 1738 1250 1762 a
1281 1726 1397 1762 Deliis
1429 1727 1672 1762 collaudatur

76 1784 168 1830 quia
182 1784 410 1831 Lysimacho
434 1784 524 1830 regi,
551 1784 656 1830 apud
682 1795 793 1830 quem
812 1784 1134 1829 commorabatur,
1161 1783 1328 1820 salubria
1344 1783 1508 1820 consilia
1525 1782 1671 1822 dederit

76 1841 233 1888 eiusque
254 1841 566 1878 benevolentiam
588 1841 705 1878 Deliis
730 1841 1002 1877 conciliaverit.
1045 1842 1139 1877 Eum
1165 1851 1352 1886 proavum
1376 1841 1494 1877 fuisse
1511 1840 1669 1876 Nabidis

76 1898 370 1949 probabile-est.
408 1898 486 1934 Sed
509 1908 558 1933 ex
581 1898 802 1934 nominibus
826 1899 1030 1945 Δαμάρατος
1055 1900 1094 1933 et
1111 1898 1260 1944 Γοργίων
1284 1908 1470 1943 perquam
1496 1900 1606 1933 acute
1630 1899 1670 1932 et

76 1955 276 2001 ingeniose
291 1956 400 1991 Hom.
418 1956 584 2001 collegit,
609 1956 712 1992 hunc
738 1956 923 2001 originem
939 1955 1162 2001 repetivisse
1180 1966 1203 1991 a
1219 1956 1429 1991 Damarato
1445 1965 1536 2000 rege
1551 1955 1670 1990 Lace-

78 2011 380 2057 daemoniorum,
406 2013 470 2058 qui
494 2022 582 2048 cum
606 2023 726 2058 regno
752 2024 794 2049 se
820 2013 1000 2049 abdicare
1023 2015 1181 2049 coactus
1198 2015 1300 2048 esset
1315 2013 1354 2048 in
1370 2012 1502 2049 Asiam
1519 2023 1560 2047 se
1578 2023 1669 2048 con-

75 2069 163 2105 tulit
193 2071 232 2105 et
262 2069 415 2105 Xerxen
446 2069 487 2105 in
515 2070 716 2106 Graeciam
749 2070 1054 2116 proficiscentem
1089 2070 1294 2106 comitatus
1327 2072 1396 2106 est.
1442 2070 1532 2105 Eius
1565 2069 1667 2105 enim

77 2127 263 2172 posteros,
293 2127 358 2172 qui
392 2126 551 2172 antiqua
574 2127 864 2163 Heraclidarum
897 2128 1057 2164 nomina
1082 2128 1258 2175 Προκλῆς,
1289 2126 1525 2174 Εὐρυσθένης,
1550 2127 1669 2172 Δαμά-

78 2197 179 2229 ρατος
209 2184 384 2231 religiose
408 2185 705 2229 conservabant,
735 2185 774 2220 in
798 2186 922 2230 Mysia
948 2185 1170 2221 consedisse
1195 2187 1329 2221 notum
1354 2187 1423 2228 est,
1452 2183 1518 2219 ubi
1541 2194 1609 2219 rex
1633 2182 1669 2218 ei

78 2240 318 2286 Pergamum,
334 2241 620 2287 Teuthraniam‚
636 2241 879 2278 Halisarnam
898 2244 1154 2278 concesserat.
1190 2242 1271 2278 Iam
1287 2242 1325 2277 in
1343 2241 1518 2287 proxima
1535 2250 1667 2276 eorum

76 2296 219 2332 vicinia
242 2298 482 2342 Gambreum,
512 2293 868 2344 Palaegainbreum‚
901 2299 1101 2344 Myrinam,
1133 2299 1325 2345 Gryneum
1359 2298 1517 2334 tenebat
1547 2306 1669 2342 genus

78 2353 240 2399 Gongyli
255 2354 491 2399 Eretriensis‚
516 2354 632 2390 simili
656 2355 703 2390 de
730 2365 849 2390 causa
873 2366 897 2391 a
917 2366 1005 2400 rege
1022 2356 1074 2391 ibi
1091 2356 1331 2391 collocatum.
1368 2356 1471 2390 Inter
1488 2356 1560 2390 hos
1575 2364 1667 2389 vero

7 2456 9 2459 r
77 2420 221 2446 nomen
236 2410 387 2458 Γοργίων
406 2410 590 2446 usitatum
618 2411 732 2446 fuisse
757 2422 804 2446 ex
822 2411 1076 2456 Xenophonte
1099 2413 1191 2447 Heu.
1208 2413 1257 2447 ΙΙΙ
1273 2413 1305 2456 1,
1322 2412 1354 2447 6.
1379 2411 1501 2446 Anah.
1517 2410 1579 2446 VH
1594 2410 1626 2453 8,
1643 2409 1668 2444 8

4 2464 9 2472 ’“
78 2466 275 2511 discimus3
294 2477 413 2512 quare
429 2467 472 2502 H.
487 2477 629 2502 nomen
646 2467 850 2514 Δαμάρατος
867 2468 1056 2514 Γοργίωνος
1073 2468 1335 2503 testimonium
1354 2466 1552 2502 affinitatis
1569 2466 1668 2501 inter

75 2524 149 2560 has
181 2524 278 2560 duas
307 2523 473 2559 familias
505 2526 543 2559 et
576 2524 852 2559 domiciliorum
883 2524 1082 2560 vicinitate
1115 2527 1153 2559 et
1184 2523 1295 2559 sortis
1326 2522 1570 2559 similitudine
1604 2533 1667 2558 co-

77 2592 200 2618 nexas
217 2581 444 2618 conciliatae
461 2581 742 2626 interpretatur.
773 2581 853 2616 Iam
872 2591 959 2616 cum
976 2580 1195 2626 Lysimachi
1209 2590 1368 2625 regnum
1384 2580 1424 2614 in
1440 2579 1527 2615 illas
1544 2589 1667 2624 usque

78 2638 257 2684 regiones
285 2638 502 2684 pertineret,
532 2638 784 2674 Damaratum
810 2637 1009 2683 Gorgionis
1034 2638 1058 2672 f.
1084 2638 1123 2672 in
1155 2637 1235 2672 eius
1258 2636 1560 2673 familiaritatem
1583 2647 1668 2682 per-

74 2695 239 2741 venisse,
272 2706 319 2732 ao
348 2696 515 2732 fortasse
547 2695 630 2740 ipso
662 2695 794 2730 favore
820 2705 893 2740 quo
918 2694 951 2729 is
978 2694 1081 2740 apud
1103 2705 1232 2740 regem
1256 2694 1456 2738 floruisset,
1487 2694 1665 2730 effectum

77 2762 165 2788 esse
187 2754 231 2788 ut
252 2753 334 2798 ipse
359 2763 446 2788 cum
472 2751 555 2788 aliis
571 2751 686 2797 prisci
702 2751 803 2787 illius
819 2751 1018 2787 Damarati
1033 2751 1195 2797 posteris
1213 2750 1392 2796 Spartam
1407 2750 1449 2787 in
1466 2750 1664 2796 antiquam

77 2809 242 2854 patriam
258 2809 510 2846 reduceretur.
544 2809 645 2844 Dttb.
681 2809 734 2846 Cf.
754 2809 935 2845 Ziebarth
953 2809 1002 2845 IG
1017 2808 1083 2844 XII
1097 2809 1120 2844 9
1136 2819 1172 2854 p.
1185 2808 1263 2845 163.
1357 2811 1384 2844 4
1408 2808 1538 2856 Suppl.
1555 2809 1665 2845 Hom.

77 2868 296 2905 Anticrates
322 2870 504 2906 archonte
529 2869 681 2906 Charila
699 2870 731 2905 11
756 2880 788 2905 a.
807 2868 876 2904 218
901 2868 1050 2905 debitor
1072 2868 1153 2905 fuit.

1607 3004 1662 3047 89
