2040 3216
400 186 485 223 857.
508 186 588 222 858.
984 188 1144 226 Herodis
1166 189 1281 226 Attici
1302 201 1408 227 uxor.
1616 202 1648 228 c.
1660 191 1740 229 150.
1764 195 1852 239 post
1867 193 1935 230 161
1953 205 1988 240 p.

403 325 507 362 intra
537 336 663 363 annos
693 327 833 363 64-68
865 338 950 364 cum
980 329 1021 364 L.
1039 329 1232 366 Verulano
1266 329 1409 366 Severo
1441 330 1608 376 (Prosop.
1623 330 1713 377 imp.
1729 331 1838 369 Rom.
1855 332 1872 369 1
1892 343 1928 378 p.
1943 333 1992 370 66

404 396 441 420 n.
458 385 552 430 492),
575 385 743 430 legatum
759 396 828 430 pro
845 388 1023 432 praetore
1043 387 1272 423 Germaniae
1297 387 1502 433 superioris
1525 388 1596 424 sub
1613 388 1863 435 Vespasiano,
1887 391 1993 427 haud

403 453 493 479 raro
511 446 854 479 commemoratum
873 455 896 479 a
909 442 1041 480 Tacito
1057 444 1181 489 (Hist.I
1194 445 1239 480 87
1247 448 1338 491 sqq.)
1353 445 1392 481 in
1406 456 1534 482 rerum
1552 449 1640 492 post
1651 446 1815 485 Neronis
1829 450 1992 484 mortem

405 502 599 546 gestarum
623 501 856 537 narratione.
889 500 1078 537 'Materna
1111 502 1224 547 stirps
1254 502 1425 548 Regillae
1459 502 1562 539 Atilii
1589 503 1765 540 Braduae
1795 497 1923 551 erant,
1953 505 1995 542 id

405 558 508 604 quod
533 568 581 593 ex
605 557 669 594 avi
692 558 856 594 materni
870 561 1120 595 monumento
1142 559 1183 594 in
1201 560 1344 596 exedra
1361 559 1563 607 olympica
1584 560 1744 598 invento
1767 561 1804 605 (1.
1819 562 1995 609 Olympia

404 615 485 660 620)
510 614 765 661 cognoscitur.
904 617 930 651 3
953 616 996 652 A.
1013 616 1082 652 143
1106 617 1261 662 Prosop.
1276 617 1367 662 imp.
1384 618 1493 654 Rom.
1510 618 1527 654 Ῑ
1542 629 1577 664 p.
1594 618 1674 654 356.
1699 619 1769 655 357
1793 630 1831 656 n.
1846 619 1926 657 655.

450 676 478 709 4
503 673 686 719 Cerycum
711 674 836 719 gentis
859 673 976 710 fuisse
1001 674 1190 710 Herodem
1216 685 1264 709 ex
1286 678 1541 711 monumento
1559 676 1718 721 Triopeo
1742 675 1783 712 in
1805 677 1992 714 honorem

407 731 611 767 defunctae
635 731 766 767 uxoris
790 733 918 767 erecto
944 731 1004 775 (IG
1018 731 1102 768 XIV
1119 731 1211 767 1389
1220 734 1262 776 33)
1286 734 1420 768 notum
1444 735 1515 769 est.
1554 733 1635 769 Iam
1666 743 1754 769 cum
1787 735 1995 782 antiquitus

405 788 669 833 interpretatio
693 788 786 824 iuris
810 788 910 825 sacri
935 789 1034 824 adeo
1057 790 1212 834 propria
1242 789 1374 826 hahita
1405 793 1510 826 esset
1534 791 1658 836 gentis
1681 791 1994 838 Eumolpidarum

406 846 466 889 (cf.
488 845 624 891 Lysias
653 845 701 882 VI
725 846 788 882 10:
825 851 899 886 τοῖς
932 847 1099 894 ἀγράφοις
1136 848 1276 893 (νόμοις)
1313 845 1395 884 καθ’
1437 848 1497 887 οὓς
1531 847 1748 894 Εὐμολπίδαι
1787 850 1995 897 ἐξηγοῦνται.

406 903 514 949 Syll.2
527 903 633 946 58741
660 904 821 952 ἐξηγηταὶ
837 903 1079 950 Εὐμολπιδῶν.
1115 904 1362 950 Pseudoplut.
1378 904 1448 942 vit.
1465 904 1499 940 X
1515 907 1611 942 orat.
1628 904 1747 941 8433.
1775 906 1825 943 IG
1840 906 1888 942 111
1903 907 1995 951 7202

406 962 576 1008 ἐξηγητὴς
609 960 644 1001 ἐξ
674 960 928 1007 Εὐμολπιδῶν),
961 963 1005 996 ut
1034 961 1146 997 nefas
1176 961 1372 998 videretur
1402 962 1564 1008 Ceryces
1596 973 1684 999 eam
1711 963 1784 1007 sibi
1815 974 1996 1011 arrogare

406 1018 466 1062 (cf.
483 1018 628 1055 Andoc.
645 1018 662 1053 I
678 1019 746 1054 116
770 1021 798 1054 ὦ
825 1017 973 1064 Καλλία,
998 1020 1135 1055 πάντων
1159 1019 1352 1067 ἀνθρώπων
1377 1021 1595 1066 ἀνοσιώτατε,
1629 1028 1766 1068 πρῶτον
1797 1023 1859 1067 μὲν
1888 1023 1994 1073 ἐξηγῇ

407 1075 580 1123 Κηρύκων
611 1079 671 1122 ὤν,
703 1077 768 1124 οὐχ
793 1076 886 1112 ὅσιον
910 1076 948 1112 ὃν
974 1078 1026 1112 σοὶ
1054 1076 1269 1124 ἐξηγεῖσθαι),
1294 1077 1529 1123 principatus
1553 1079 1726 1123 tempore
1752 1078 1868 1115 etiam
1891 1079 1995 1115 hanc

404 1135 559 1179 gentem
574 1132 676 1170 illius
702 1133 819 1170 officii
842 1134 1067 1179 participem
1091 1134 1209 1170 fuisse
1234 1135 1500 1180 cognoscimus
1524 1145 1572 1170 ex
1592 1134 1711 1171 titulis
1727 1135 1820 1172 Bull.
1837 1135 1930 1172 Hell.
1947 1135 1996 1173 v1

404 1191 508 1233 1882,
525 1191 605 1227 436.
637 1189 717 1240 Ἐφ.
735 1192 838 1237 1897,
855 1192 901 1227 65
932 1203 969 1228 n.
986 1193 1087 1237 492⁶,
1121 1192 1187 1228 ubi
1210 1192 1262 1229 Ti.
1280 1192 1462 1229 Claudius
1485 1191 1750 1229 Demostratus
1775 1193 1995 1240 Melitensis,

405 1249 457 1285 Ti.
476 1248 624 1285 Claudii
647 1249 819 1294 Sospidis
844 1249 1010 1285 daduchi
1034 1249 1150 1294 filius,
1177 1250 1347 1298 ἐξηγητὴς
1373 1251 1566 1297 μυστηρίων
1590 1252 1760 1287 vocatur.
1796 1250 1850 1286 Cf.
1867 1250 1993 1287 Herm.
2034 1254 2040 1303 ζ

405 1307 474 1343 ΧΧ
490 1307 594 1350 1885,
611 1307 668 1343 12.
707 1307 849 1343 Eodem
873 1307 988 1352 igitur
1010 1318 1170 1343 munere
1195 1308 1313 1343 etiam
1338 1307 1508 1343 Herodes
1532 1307 1688 1344 functus
1711 1310 1782 1344 est.
2028 1312 2040 1370 ,ξ

493 1416 599 1461 858.
639 1424 820 1469 Regina
849 1425 1048 1461 Herodis
1079 1422 1220 1461 Attici
1253 1434 1374 1460 uxor
1411 1426 1518 1468 post
1548 1433 1592 1461 a.
1615 1426 1714 1461 161.
1768 1424 1883 1470 Lapis
1911 1424 1996 1460 sine

406 1480 520 1523 dubio
545 1482 693 1518 Romae
716 1481 898 1517 inventus
923 1484 960 1518 et
983 1482 1023 1517 in
1041 1481 1279 1518 Britanniam
1304 1481 1516 1517 translatus
1538 1481 1604 1517 ubi
1627 1481 1696 1517 fuit
1717 1481 1758 1517 in
1781 1481 1903 1518 hortis
1926 1492 1995 1527 pa-

405 1538 488 1575 latii
512 1539 549 1575 S.
566 1539 702 1575 Jacobi
725 1550 844 1585 prope
861 1538 1255 1584 Westmonasterium,
1279 1538 1350 1574 sed
1367 1539 1523 1575 saeculo
1541 1538 1868 1584 septimodecimo
1884 1538 1997 1585 periit

407 1597 465 1640 (cf.
482 1596 679 1632 Michaelis
703 1596 867 1632 Ancient
895 1597 1063 1633 marbles
1093 1596 1185 1640 538).
1233 1596 1299 1633 Ed.
1317 1596 1506 1632 Prideaux
1537 1597 1671 1633 Marm.
1689 1596 1812 1633 Oxou.
1829 1596 1992 1642 append.

405 1654 485 1698 302,
503 1654 550 1690 28
575 1654 663 1698 (CIG
678 1655 785 1699 61853
812 1654 945 1690 Kaibel
969 1655 1016 1690 IG
1032 1654 1114 1690 XIV
1131 1654 1240 1698 13923
1267 1653 1377 1700 8γ11.2
1391 1654 1483 1698 399).
1532 1654 1588 1690 Cf.
1613 1653 1782 1690 Buresch
1805 1653 1876 1690 Rh.
1897 1653 1995 1690 Mus.

406 1711 517 1748 XLIV
534 1711 636 1756 1889,
653 1711 739 1757 489;
764 1712 930 1748 Huelsen
954 1712 1050 1749 XLV
1067 1712 1168 1757 1890,
1187 1711 1272 1756 2843
1299 1712 1468 1747 Buresch
1491 1710 1604 1748 XLVI
1619 1710 1722 1756 1891,
1739 1710 1819 1746 232.
1871 1710 1946 1756 [Ka]

405 1823 454 1829 --
479 1785 683 1844 ΙἩρώδης
724 1789 914 1844 μνημεῖον
952 1787 1022 1830 καὶ
1041 1786 1046 1844 Ι
1065 1791 1180 1830 τοῦτο
1219 1787 1353 1830 εἷναιῙ
1390 1791 1462 1842 τῆς
1505 1787 1629 1828 αὑτοῦ
1648 1785 1653 1842 Ι
1673 1789 1882 1843 συμφορᾶς
1922 1785 1994 1828 καὶ
2038 1786 2040 1834 j

359 1861 383 1896 5
407 1861 478 1911 τῆς
511 1856 667 1914 ἀρεΙτῆς
697 1861 768 1913 τῆς
798 1854 1159 1913 γυναικός·Ιέστιν
1192 1855 1236 1898 δὲ
1267 1856 1313 1897 οὐ
1344 1853 1493 1912 τάφος·
1522 1853 1566 1896 τὸ
1589 1851 1690 1912 Ιγᾶρ
1721 1858 1840 1910 σῶμα
1870 1855 1912 1897 ἐν
1941 1859 1991 1910 τῆ

409 1925 578 1967 Ἑλλάδι
597 1925 600 1982 Ι
619 1925 689 1968 καὶ
718 1929 786 1967 νῦν
817 1924 928 1982 παρὰ
958 1931 1015 1981 τῷ
1047 1923 1356 1981 ἀνδρίΙέστινὲ.
1409 1922 1475 1966 τὸν
1513 1925 1559 1966 ἐκ
1588 1919 1903 1980 ταύτηςΙπαῖδα
1933 1923 1992 1971 εἰς
2038 1916 2040 1999 Ι

497 2027 664 2063 Litteras
686 2027 865 2072 volgares
889 2028 1040 2072 praeter
1064 2030 1158 2062 ΘΠΟ
1183 2025 1336 2061 exhibet
1365 2024 1481 2070 editio
1512 2024 1702 2070 princeps.
1749 2025 1830 2061 Iam
1853 2025 1942 2062 Bur.
1959 2029 1991 2062 c
2022 2014 2040 2080 Ι

377 2112 379 2114 -
406 2095 493 2121 cum
521 2088 579 2120 ΕΩ
602 2084 642 2120 in
667 2084 803 2120 eodem
827 2085 936 2120 titulo
962 2083 1208 2119 coniunctum
1224 2079 1473 2118 manifestum
1491 2082 1637 2118 fraudis
1659 2081 1840 2118 indicium
1864 2081 1994 2119 existi-

406 2146 498 2179 mat.
545 2141 596 2178 At
627 2152 750 2188 neque
781 2142 821 2178 in
853 2141 1042 2187 lapidibus
1073 2141 1162 2177 talis
1191 2139 1454 2176 inconstantia
1476 2139 1654 2176 inaudita
1677 2141 1752 2184 est,
1777 2141 1816 2175 et
1839 2136 2040 2184 summa}

405 2199 673 2245 probabilitate
699 2200 740 2235 H.
764 2199 932 2244 monuit,
964 2198 1096 2244 inopia
1128 2198 1339 2234 formarum
1363 2196 1629 2233 Prideauxium
1661 2196 1724 2232 hic
1753 2199 1796 2232 ut
1819 2195 1910 2233 alibi
1933 2198 1993 2233 ΕΩ
2014 2203 2040 2278 ἶζΙ

406 2269 475 2304 pro
500 2263 566 2295 Θω
593 2257 829 2302 expressisse
851 2256 982 2292 videri.
1127 2258 1145 2291 1
1173 2255 1385 2292 Infinitivus
1408 2255 1552 2300 pendet
1585 2265 1608 2290 a
1631 2253 1749 2289 verbo
1777 2252 1993 2298 dedicandi,
2035 2287 2038 2297 ,

406 2316 510 2362 quod
539 2318 667 2352 mente
699 2315 955 2360 supplendum
988 2316 1066 2359 est;
1100 2313 1252 2349 dicendi
1281 2314 1379 2349 ratio
1411 2312 1586 2356 insolita,
1619 2312 1688 2347 sed
1719 2311 1804 2347 sine
1827 2310 2001 2375 dubio
1965 2303 2038 2374 ιΙΙ

2019 2069 2040 2148 Ι

2037 2159 2040 2201 ι

408 2546 562 2582 exhibet
585 2546 693 2590 Asia,
718 2545 835 2581 fuisse
859 2545 1020 2580 videtur.
1067 2544 1212 2579 Titulus
1236 2535 1295 2578 est
1319 2554 1344 2578 a
1366 2543 1519 2578 rhetore
1543 2543 1631 2586 post
1646 2539 1806 2576 Herodis
1828 2549 1892 2575 mo
1938 2555 1945 2568 ’-
1978 2552 1997 2587 ¹2
2026 2543 2039 2590 ,Ι

407 2605 616 2648 conceptus
649 2605 688 2639 et
718 2604 969 2638 monumento
1003 2601 1104 2647 quod
1127 2601 1297 2636 Herodes
1320 2599 1429 2635 uxori
1459 2598 1679 2635 faciendum
1709 2597 1912 2633 curaverat

407 2661 582 2705 scriptus.
631 2662 715 2706 Quo
741 2661 789 2696 de
812 2661 1064 2696 monumento
1097 2661 1183 2704 post
1214 2657 1291 2693 alia
1320 2657 1483 2693 refertur
1511 2655 1737 2691 κατεσκεύασε
1760 2654 1824 2690 vel
1852 2655 1915 2690 ἐπο
2036 2688 2038 2692 ,

408 2718 626 2762 βουλόμενος]
653 2716 704 2754 H.
731 2722 900 2764 μνημεῖον
924 2718 982 2752 ’καὶ
1004 2721 1104 2751 τοῦτο
1130 2717 1217 2751 εἶναι
1242 2716 1333 2759 etc.;
1357 2713 1460 2749 unde
1484 2712 1648 2748 efficitur
1672 2713 1788 2747 antea
1813 2710 1860 2747 de
1882 2709 2030 2755 Οᾶιινᾯ
2029 2734 2032 2740 -

407 2771 599 2809 Athenis
588 2787 628 2810 ιη
653 2775 782 2811 uxoris
805 2773 1028 2810 memoriam
1063 2771 1255 2809 aedificati
1284 2770 1403 2806 verba
1435 2769 1541 2805 facta
1572 2779 1667 2805 esse.
1707 2767 1775 2812 Hi]
1890 2769 1918 2803 2
