2040 3216
403 189 482 226 786.
506 189 586 226 787.
787 212 790 214 Δ
822 192 1125 229 Lacedaemoni:
1150 194 1356 240 Lachares,
1378 194 1572 241 Euryclea.
1882 213 1889 217 ·
1912 198 1933 234 1
1951 209 1988 235 a.

492 329 595 374 786.
638 337 869 374 Lachares
908 338 1300 375 Lacedaemonius
1339 340 1399 376 ab
1436 340 1797 379 Atheniensibus
1837 344 1990 381 statua

401 392 652 430 honoratus
673 395 795 432 med.
820 405 858 432 s.
876 395 899 430 Ι
918 405 960 432 a.
981 397 1086 433 Chr.
1142 396 1184 431 In
1203 406 1290 432 arce
1308 397 1557 443 Athenarum,
1576 408 1680 435 nunc
1702 398 1742 435 in
1758 409 1892 436 museo
1909 403 1988 437 nat.

402 449 524 487 nasis.
563 450 630 486 Ed.
653 450 803 497 Lolling
827 451 1556 502 Ae>.r.dpx.1889,112;1G115,11711›
1582 454 1804 502 (Sylt2359).
1867 457 1942 503 [Ka]

400 521 429 576 ἡ
461 520 584 578 βουλὴ
616 521 686 563 καὶ
717 522 738 563 ὁ
770 523 895 577 δῆμος
914 520 919 579 Ι
938 521 1134 580 Λαχάρην
1164 522 1416 581 Εὐρυκλέους
1434 522 1440 582 Ι
1458 524 1811 582 Λακιεδοιιμόνι’,ον1
1845 527 1989 584 ἀρετῆς

402 589 532 633 ἕνεκα.

497 705 515 739 1
543 703 756 739 Lacharem
772 704 1121 741 Lacedaemonium
1146 706 1194 742 Μ.
1211 706 1403 743 Antonius
1418 706 1588 743 triumvir
1610 709 1763 754 propter
1785 708 1989 745 latrocinia

401 759 527 796 securi
548 763 790 806 percusserat
814 762 922 805 (Plut.
939 762 1081 798 Anton.
1096 762 1164 807 67).
1209 763 1299 799 Eius
1332 764 1409 799 filio
1434 763 1673 801 nobilissimo
1699 769 1745 810 (v.
1765 776 1802 801 n.
1815 765 1896 810 787)
1918 777 1988 803 no·

400 829 490 854 men
516 821 599 854 erat
619 819 820 864 Eurycle83
851 819 980 866 itaque
1004 823 1108 857 recte
1131 821 1193 857 hic
1216 822 1256 857 L.
1282 824 1319 858 et
1343 822 1507 858 Koehler
1529 823 1654 868 ipsum
1677 823 1784 859 illum
1808 823 1873 870 qui
1896 827 1987 860 ante

399 875 535 921 proelii
556 875 706 913 Actiaci
735 879 906 913 aetatem
931 878 1065 924 capitis
1090 879 1296 915 damnatus
1326 882 1385 916 est
1409 880 1621 916 Lacharem
1646 883 1875 927 agnoscunt.
1915 882 1988 918 Ne-

399 933 480 979 poti
504 944 552 969 ex
575 945 682 970 more
707 935 770 970 avi
794 945 936 970 nomen
968 935 1188 980 impositum
1222 938 1291 972 est.
1337 936 1520 973 Nonnulli
1551 937 1615 974 alii
1644 937 1751 983 tituli,
1782 938 1823 974 in
1853 939 1988 985 quibus

399 991 568 1040 Λαχάρης
591 1002 735 1028 nomen
761 992 937 1038 occurrit,
961 993 1101 1029 iniuria
1126 994 1176 1029 ad
1198 995 1302 1030 hunc
1325 994 1437 1030 relati
1459 996 1558 1031 sunt.
1598 994 1653 1032 Cf.
1677 995 1775 1031 Weil
1796 995 1882 1032 Ath.
1894 997 1988 1032 Mitt.

399 1047 447 1085 v1
463 1048 566 1094 1881,
583 1049 638 1085 11.

487 1153 586 1197 787.
620 1154 724 1199 788.
754 1161 979 1205 Euryales
1000 1161 1391 1199 Lacedaemonius
1413 1164 1606 1207 eiusque
1625 1163 1750 1199 filius
1770 1165 1828 1200 ab
1848 1164 1987 1200 Athe-

398 1217 639 1254 niensibus
670 1215 835 1255 statuis
864 1220 1076 1255 honorati
1106 1222 1255 1256 aetate
1279 1220 1494 1265 Augusti.
1549 1220 1593 1255 In
1623 1230 1712 1256 arce
1736 1220 1987 1265 Athenarum,

399 1284 503 1310 nunc
526 1274 566 1309 in
591 1285 726 1311 museo
752 1277 831 1310 not.
871 1276 992 1312 Bases
1018 1276 1116 1312 duae
1136 1275 1311 1312 humiles,
1350 1277 1417 1313 Ed.
1443 1276 1688 1313 Kumanudes
1711 1275 1822 1323 Ἀθήν.
1838 1276 1885 1314 IV
1899 1277 1987 1322 207;

398 1331 446 1367 IG
458 1331 507 1367 111
521 1331 617 1368 Add.
635 1343 671 1377 p.
684 1332 755 1368 505
779 1332 893 1369 n.801
907 1346 932 1370 a
944 1334 964 1368 b
982 1333 1101 1379 (ΞΥΠ.2
1108 1332 1188 1369 360.
1198 1334 1278 1378 361)
1287 1346 1296 1378 ;
1323 1334 1373 1370 cf.
1389 1334 1486 1370 Weil
1501 1334 1589 1370 Ath.
1604 1333 1698 1370 Mitt.
1705 1333 1752 1370 VI
1763 1333 1866 1379 1881,
1877 1334 1988 1381 10sq.

1860 1391 1940 1437 [Κᾶ]

291 1461 375 1504 787
401 1458 438 1513 [ὁ
460 1459 586 1515 δῆμος
599 1458 604 1517 Ι
618 1459 648 1501 Γ
651 1458 756 1516 άί”]ον
770 1457 935 1503 Ἰούλιον
953 1460 1183 1518 Λ[αχάρους
1195 1462 1214 1495 1
1233 1460 1332 1517 υἱὸν]
1351 1460 1356 1519 Ι
1373 1460 1631 1518 Εὐρυκλέαὲ,
1649 1462 1808 1519 ἀρετῆ[ς
1824 1462 1985 1518 ἕνεκεν]

494 1581 512 1613 1
542 1578 594 1615 Cf.
620 1591 657 1615 n.
675 1579 774 1615 7861.
892 1582 918 1615 2
943 1581 1123 1626 Eurycles
1149 1591 1254 1617 anno
1278 1580 1323 1616 31
1341 1591 1376 1616 a.
1391 1580 1488 1626 Chr.,
1514 1582 1559 1616 ut
1581 1580 1700 1627 patris
1717 1591 1852 1617 necem
1874 1581 1987 1617 ulcis-

399 1638 561 1683 ceretur,
585 1634 794 1673 Antonium
820 1638 868 1673 ab
886 1637 994 1674 Actio
1012 1639 1222 1684 fugientem
1239 1638 1388 1682 acriter,
1413 1638 1483 1673 sed
1506 1637 1657 1683 frustra,
1681 1641 1905 1684 persecutus
1929 1643 1988 1674 est

400 1693 508 1736 (Plut.
526 1694 665 1730 Anton.
681 1695 749 1738 67).
790 1695 864 1730 Per
893 1696 1102 1731 maximam
1126 1695 1286 1740 Augusti
1310 1693 1544 1740 principatus
1572 1697 1721 1740 partem
1745 1695 1906 1740 Spartae
1929 1694 1986 1730 in-

399 1750 574 1795 gentibus
600 1751 739 1787 divitiis
770 1754 808 1787 et
840 1753 1027 1797 singulari
1050 1752 1222 1798 potentia
1255 1752 1461 1787 fruebatur.
1502 1751 1673 1787 Patriam
1697 1754 1736 1787 et
1759 1751 1985 1788 Corinthum

399 1808 730 1845 aedificationibus
746 1809 950 1855 magnifiee
968 1809 1183 1845 exornabat
1206 1809 1324 1853 (Paus.
1344 1809 1375 1844 H
1391 1809 1424 1853 3,
1441 1809 1474 1844 5.
1499 1808 1548 1845 111
1563 1810 1618 1854 14,
1637 1809 1689 1853 6);
1714 1810 1985 1855 Eurycleorum

397 1865 516 1901 feriae
541 1866 600 1910 <1G
616 1867 646 1902 V
663 1867 695 1911 1,
713 1867 831 1911 71b53.
847 1866 993 1911 8630.31·
1011 1866 1126 1910 16813.
1143 1866 1243 1909 5505.
1261 1866 1362 1910 6642)
1398 1869 1463 1902 aut
1489 1866 1537 1901 ab
1567 1866 1662 1911 ipso,
1695 1868 1738 1901 ut
1761 1867 1895 1903 statuit
1917 1867 1984 1912 W„

399 1925 463 1958 aut
487 1923 569 1958 eius
592 1923 750 1959 honoris
775 1934 895 1959 causa
920 1935 944 1959 a
960 1924 1107 1959 civibus
1131 1923 1308 1959 instituta
1332 1923 1450 1959 etiam
1467 1923 1597 1959 multis
1620 1925 1707 1968 post
1724 1923 1823 1959 illius
1840 1923 1984 1960 obitum

399 1979 510 2015 annis
535 1991 623 2015 cum
642 1981 842 2016 Caesareis
859 1980 1121 2016 nobilissimae
1139 1980 1242 2026 apud
1260 1980 1473 2025 Spartanos
1490 1982 1611 2016 erant.
1647 1980 1778 2025 Asopii
1792 1981 1984 2017 Laconiae

397 2036 483 2072 oleo
515 2036 554 2072 in
585 2037 777 2082 gymnasii
800 2048 911 2073 usum
948 2038 996 2073 ab
1022 2048 1067 2073 eo
1092 2037 1235 2073 donato
1260 2041 1553 2073 monumentum
1576 2037 1825 2074 honorarium
1855 2038 1891 2074 ei
1917 2048 1985 2083 po-

396 2096 553 2130 suerunt
577 2095 708 2138 (Kolbe
725 2094 774 2130 IG
792 2095 821 2131 V
840 2095 874 2140 1,
890 2094 961 2131 970
977 2105 1008 2130 c.
1025 2095 1193 2140 prolegg.
1211 2105 1247 2140 p.
1264 2094 1355 2139 186).
1389 2095 1558 2140 Cythera
1572 2094 1740 2130 insulam
1762 2095 1986 2141 possidebat

397 2151 546 2196 (Strabo
564 2151 643 2187 VIII
659 2152 750 2195 363).
803 2152 933 2198 Neque
959 2163 1051 2188 vero
1081 2152 1279 2198 opulentia
1306 2152 1422 2188 modo
1452 2154 1489 2187 et
1518 2152 1780 2188 munificentia
1808 2151 1983 2198 privatim

395 2220 580 2255 magnam
614 2210 884 2246 auctoritatem
909 2210 982 2246 sibi
1012 2209 1297 2254 conciliaverat,
1324 2210 1392 2246 sed
1415 2209 1568 2256 publice
1591 2209 1983 2246 Lacedaemoniorum

395 2267 672 2313 rempublicam
696 2267 938 2312 gubernabat
962 2268 1011 2304 ab
1029 2266 1201 2313 Augusto
1224 2267 1299 2312 ipsi
1323 2267 1517 2303 traditam.
1566 2267 1621 2303 Cf.
1647 2267 1785 2303 Strabo
1807 2266 1857 2302 l.L
1873 2266 1984 2314 Εὐρυ-

394 2325 482 2372 κλῆς
515 2326 533 2360 ὁ
556 2323 636 2361 καθ’
651 2326 745 2372 ἡμᾶς
774 2332 842 2360 τῶν
867 2325 1147 2371 Λακεδαιμονίων
1178 2325 1362 2372 ἡγεμών.
1403 2324 1483 2360 VIII
1499 2324 1587 2360 366:
1611 2326 1732 2360 νεωστὶ
1757 2323 1784 2359 δ’
1800 2323 1982 2370 Εὐρυκλῆς

396 2384 517 2422 αὐτοὺς
543 2384 682 2429 ἐτάραξε
708 2384 807 2425 δόξας
840 2383 1105 2431 ἀποχρήσασθαι
1135 2385 1181 2431 τῇ
1203 2381 1376 2431 Καίσαρος
1407 2382 1503 2430 φιλίᾳ
1531 2383 1619 2428 πέρα
1649 2386 1710 2417 τοῦ
1735 2381 1872 2429 μετρίου
1896 2382 1982 2428 πρὸς

394 2443 456 2488 τὴν
494 2441 742 2476 ἐπιστασίαν
779 2442 901 2485 αὐτῶν,
941 2441 1111 2475 ἐπαύσατο
1148 2438 1175 2476 δ’
1203 2441 1227 2486 ἡ
1265 2440 1376 2489 ἀρχὴ
1412 2441 1565 2489 ταχέως,
1604 2440 1738 2475 ἐκείνου
1776 2440 1837 2485 μὲν
1873 2451 1981 2482 παρα,

392 2499 613 2546 χωρήσαντος
639 2499 687 2537 εἰς
708 2500 747 2534 τὸ
770 2501 894 2546 χρεών,
923 2503 983 2533 τοῦ
1017 2499 1054 2532 δὲ
1078 2499 1152 2533 υἱοῦ
1185 2499 1248 2544 τὴν
1273 2498 1386 2544 φιλίαν
1417 2497 1697 2545 ἀπεστραμμένου
1731 2497 1794 2543 τὴν
1821 2495 1980 2543 τοιαύτην

395 2559 515 2591 πᾶσαν.
555 2555 661 2591 Haec
689 2555 909 2591 testimonia
938 2556 1214 2591 confirmantur
1242 2554 1409 2590 nummis
1434 2564 1529 2600 quos
1553 2553 1608 2588 W.
1634 2553 1776 2598 attulit;
1807 2552 1871 2598 qui
1893 2562 1980 2588 cum

394 2612 615 2657 inscriptum
640 2613 812 2648 habeant
838 2613 893 2647 ἐπὶ
909 2612 1103 2659 Εὐρυκλέος
1119 2615 1158 2647 et
1182 2612 1236 2647 ἐπὶ
1253 2612 1419 2650 Λάκωνος
1444 2610 1501 2654 (cf.
1519 2622 1556 2645 n.
1572 2609 1651 2654 789)
1676 2610 1842 2646 formula
1864 2610 1980 2655 plane

394 2669 523 2704 aliena
549 2680 572 2704 a
599 2680 705 2704 more
734 2670 797 2715 qui
825 2669 864 2704 in
892 2669 1177 2714 magistratibus
1207 2669 1351 2704 liberae
1382 2667 1614 2713 reipublicae
1642 2667 1880 2711 observatur,
1908 2666 1979 2702 hos

394 2725 582 2771 principes
615 2727 740 2772 potius
769 2737 884 2772 quam
914 2725 1044 2762 civiles
1080 2727 1325 2771 magistratus
1358 2736 1442 2761 esse
1472 2726 1642 2770 apparet.
1697 2724 1774 2760 Sed
1805 2723 1979 2769 potentia

394 2793 466 2817 sua
501 2785 581 2818 tam
617 2784 831 2829 importune
871 2794 965 2819 usus
1001 2786 1076 2828 est,
1112 2785 1154 2819 ut
1185 2784 1332 2818 iteratis
1367 2781 1679 2818 accusationibus
1715 2781 1874 2818 tandem
1910 2781 1978 2817 ali-

397 2840 550 2883 quando
574 2840 844 2884 pervincerent
871 2841 992 2885 cives,
1024 2843 1067 2875 ut
1095 2839 1252 2885 imperio
1280 2840 1495 2885 privaretur
1522 2841 1561 2874 et
1587 2839 1714 2875 solum
1741 2840 1890 2873 vertere
1915 2848 1978 2873 co-

395 2898 543 2940 geretur
573 2898 731 2943 (Ioseph.
749 2898 840 2934 Bell.
864 2898 943 2933 Iud.
966 2899 982 2933 I
1003 2898 1073 2934 513
1094 2909 1147 2943 sq.
1170 2898 1249 2933 531.
1289 2897 1415 2943 Antiq.
1436 2897 1519 2934 XVI
1538 2895 1630 2940 310).
1682 2895 1859 2931 Ceterum
1889 2905 1976 2930 eum

393 3009 477 3051 472
