2040 3216
375 199 456 235 880.
894 198 1086 234 Sicinnius
1110 198 1242 235 Clarus
1267 199 1314 234 de
1338 199 1441 235 Pizo.
1841 199 1910 235 202
1926 210 1963 245 p.

377 338 481 383 κατὰ
511 337 666 397 δωρεὰν
697 343 775 382 τῶν
806 340 953 397 κυρίων
985 341 1167 396 ἐνπόριον
1200 339 1370 394 ΠίζοςῙ,
1411 338 1477 381 ἐπὶ
1495 338 1533 395 Ιε
1520 338 1679 383 υπάτων
1709 342 1788 382 τῶν
1818 340 1964 398 κυρίων

310 414 356 449 10
381 411 685 466 αὐτοκρατόρων
716 410 763 453 Λ.
793 409 889 451 Σ.επ
914 409 1120 466 Σεουήρου
1151 407 1408 494 ΠερΙτίνακος
1437 407 1484 451 κὲ
1515 408 1573 451 Μ.
1594 407 1694 466 Αὖρ.
1716 406 1965 452 Ἀντωνείνου

379 479 542 536 Σεββη
503 480 530 513 2
574 478 643 521 καὶ
676 477 900 535 μετῴκισαν
932 480 991 526 εἰς
1022 477 1119 521 αυτὸ
1138 477 1145 535 Ι
1163 479 1201 520 οἱ
1231 478 1555 534 ὑποτεταγμένοι.
1743 499 1746 509 v

309 547 363 590 ΠΙ
380 547 613 604 Κ(όϊντος)3
642 547 836 595 Σικίννιος
866 546 1029 605 Κλᾶρος
1047 546 1053 605 Ι
1070 547 1344 604 πρεσβ(ευτὴς)
1373 546 1617 604 Σεβ(αστῶν)
1647 544 1967 605 ἇντιστράΙτηγος

380 618 439 660 λέ
427 618 540 675 (ει4·

311 693 357 728 15
380 693 429 744 τῇ
460 689 630 744 προόψει
659 689 737 729 τῶν
759 686 950 741 σταθμῶν
979 685 1244 742 ἡσθέ[ν]1τες5
1275 685 1344 740 ο[ἱ]
1372 685 1505 742 κύριοι
1533 686 1648 741 ἡμῶν
1681 686 1858 742 μέγιστοι
1875 685 1881 743 Ι
1898 685 1967 728 καὶ
1990 690 2040 741 §2

383 757 585 799 θειότατοι
606 755 894 812 αὐτοκράτορες
913 754 918 812 Ι
938 753 1006 797 διὰ
1025 757 1172 803 παντός
1193 770 1234 797 τε
1254 757 1325 797 τοῦ
1345 755 1499 797 ἑαυτῶν
1523 753 1679 812 αἰῶΙνος
1703 755 1969 812 βουληθέντες

311 831 359 866 20
383 826 423 867 ἐν
455 831 505 881 τῇ
538 825 639 881 αὐτῇ
671 822 901 882 εὔπρεΙπείᾳ
933 825 1136 881 διαμεῖναι
1173 823 1243 880 τὴν
1276 823 1406 866 αὐτῶν
1425 823 1430 880 Ι
1449 823 1686 881 ἐπαρχείαν,
1723 824 1969 881 προσέταξαν

474 951 770 996 Perfrequentes
792 950 1006 986 litterarum
1023 950 1199 986 binarum
1225 951 1293 986 aut
1309 951 1504 985 ternarum
1527 948 1726 995 ligaturae.
1767 950 1858 986 Tres
1881 952 1972 985 sunt

383 1009 501 1045 totius
525 1008 622 1044 tituli
645 1010 786 1053 partes,
816 1019 865 1044 ex
889 1008 1026 1054 quibus
1049 1008 1211 1053 primam
1235 1007 1352 1043 modo
1377 1009 1416 1043 et
1438 1007 1592 1044 tertiam
1614 1007 1829 1053 repetimus.
1877 1008 1904 1044 L
1928 1008 1970 1044 ln

383 1077 535 1102 summa
558 1068 667 1111 parte
690 1076 759 1111 per
782 1068 904 1101 totam
920 1065 1059 1111 lapidis
1083 1064 1326 1102 latitudinem
1342 1064 1552 1101 maioribus
1572 1065 1709 1101 litteris
1724 1065 1868 1111 scripta
1881 1068 1973 1102 sunt

382 1135 418 1160 v.
433 1125 559 1167 1-11‚
584 1123 721 1170 quibus
746 1122 876 1159 Pizum
901 1123 1113 1169 emporium
1132 1122 1327 1159 conditum
1352 1133 1437 1158 esse
1455 1122 1679 1159 sollenniter
1693 1122 1973 1169 pronuntiatur.

383 1182 426 1217 ΙΙ.
455 1181 559 1218 Infra
584 1192 671 1217 eum
697 1181 849 1217 titulum
873 1192 942 1226 per
966 1183 1147 1226 quattuor
1171 1181 1373 1216 columnas
1398 1179 1583 1226 disposita
1605 1179 1751 1226 reliqua
1774 1180 1972 1226 scriptura,

384 1239 452 1276 sed
475 1240 530 1275 ita
552 1241 596 1274 ut
620 1241 698 1275 tres
722 1239 868 1284 priores
886 1239 1090 1274 columnae
1113 1238 1287 1284 integrae
1309 1237 1477 1284 itemque
1495 1248 1543 1273 ex
1559 1239 1698 1284 quarta
1714 1224 1847 1274 d⁸ecem
1864 1237 1974 1283 primi

384 1299 423 1332 et
445 1300 523 1332 tres
548 1296 730 1342 postremi
752 1306 887 1332 versus
910 1296 1071 1332 nomina
1094 1296 1308 1332 incolarum
1332 1295 1569 1332 contineant.
1598 1295 1678 1338 f111.
1701 1295 1862 1341 Reliqua
1884 1306 1974 1341 pars

384 1356 546 1401 quartae
570 1354 775 1390 columnae
789 1354 967 1401 *edictum
990 1353 1032 1399 Q.
1052 1353 1182 1390 Sicinii
1200 1353 1301 1390 Clari
1323 1352 1439 1399 legati
1455 1353 1710 1399 Augustorum
1733 1363 1769 1398 p.
1786 1364 1842 1400 pr.
1858 1353 1975 1389 habet

384 1412 487 1458 quod
501 1411 564 1447 hic
580 1412 761 1457 repetitur
777 1422 813 1447 v.
826 1411 964 1448 12-82
982 1412 1095 1457 (apud
1112 1411 1149 1447 S.
1161 1411 1369 1455 201—271).
1408 1411 1476 1447 Ille
1492 1410 1692 1446 nominum
1705 1410 1822 1447 index
1837 1421 1974 1447 secun-

385 1470 475 1507 dum
499 1480 620 1515 pagos
645 1469 851 1515 dispositus
876 1472 936 1505 est
959 1480 1046 1505 cum
1076 1469 1136 1505 his
1159 1468 1294 1504 titulis:
1326 1471 1450 1516 κώμης
1475 1467 1688 1515 Σκελαβρίης
1712 1468 1768 1513 (11
1792 1468 1974 1513 nomina),

385 1530 508 1576 κώμης
533 1527 782 1574 Στρατοποὶρων
808 1527 865 1572 (22
890 1527 1069 1572 nomina),
1100 1530 1224 1575 κώμης
1249 1525 1532 1575 Κρασαλοπάρων
1557 1526 1616 1571 (24
1639 1525 1820 1572 nomina),
1852 1529 1975 1573 κώμης

389 1584 551 1620 Σκεπτῶν
578 1585 609 1629 (7
627 1585 797 1630 nomina,
823 1595 871 1620 ex
895 1584 1033 1630 quibus
1057 1595 1178 1620 unum
1201 1584 1414 1629 intercidit),
1437 1586 1560 1630 κώμης
1585 1583 1810 1632 Γελουπάρων
1835 1583 1891 1627 (12
1906 1593 1975 1619 no-

387 1641 516 1687 mina),
532 1645 655 1689 κώμης
672 1641 868 1690 Κουρπὶσου
888 1644 920 1686 (5
936 1642 1118 1687 nomina),
1140 1645 1263 1690 κώμης
1280 1642 1493 1688 Βαζοπάρων
1511 1641 1569 1686 (80
1579 1641 1749 1685 nomina,
1763 1640 1864 1678 inter
1874 1651 1974 1688 quae

387 1700 575 1736 nonnulla
599 1702 843 1740 evanuerunt
869 1704 936 1736 aut
959 1700 1137 1736 mutilata
1160 1702 1272 1745 sunt),
1296 1703 1420 1746 κώμης
1446 1699 1668 1747 Στρουνείλου
1693 1699 1725 1744 (7
1745 1698 1904 1735 nomina
1928 1708 1976 1733 ex

389 1757 523 1802 quibus
547 1768 667 1792 unum
692 1757 875 1803 evanuit),
898 1761 1022 1804 κώμης
1047 1757 1325 1806 Βουσιπάρωνα
1342 1759 1508 1800 nomen).
1547 1755 1746 1792 Accedunt
1768 1755 1977 1802 Βασοπαρη-

386 1816 438 1850 vol
462 1816 495 1859 3,
523 1817 587 1861 qui
609 1822 771 1862 κωμῆται
796 1826 927 1851 eorum
952 1815 1018 1860 qui
1033 1826 1148 1860 supra
1172 1817 1261 1850 sunt
1284 1814 1491 1860 octoginta,
1516 1815 1648 1850 nescio
1665 1823 1738 1859 quo
1763 1823 1862 1849 casu
1885 1815 1975 1849 ante

389 1872 529 1917 omissi,
557 1872 748 1908 habentur
774 1884 797 1908 a
821 1873 953 1909 Seurio
986 1873 1069 1908 sine
1095 1872 1210 1907 dubio
1235 1874 1352 1916 recte,
1384 1873 1422 1907 et
1445 1872 1468 1907 9
1493 1881 1581 1907 cum
1605 1870 1716 1906 titulo
1739 1870 1975 1916 praescripto

390 1930 512 1965 ὕπατοι
536 1930 723 1978 οἰκήτορες,
757 1941 851 1975 quos
876 1930 939 1965 ille
963 1929 1152 1975 principes
1175 1930 1237 1964 vel
1262 1928 1519 1968 nobilissimos
1546 1928 1828 1974 interpretatur.
1868 1928 1975 1974 Quae
2036 1948 2040 1956 ν

390 1986 518 2031 opinio
543 1987 673 2022 nescio
700 1998 750 2036 an
775 1998 823 2022 ea
846 1998 887 2022 re
912 1986 1037 2022 fulciri
1053 1987 1183 2031 possit,
1209 1986 1312 2032 quod
1329 1996 1377 2022 ex
1391 1985 1451 2021 his
1467 1996 1516 2021 ne
1533 1995 1634 2021 unus
1651 1985 1800 2031 quidem
1819 1984 1975 2021 nomine

390 2046 457 2079 aut
481 2044 707 2089 cognomine
725 2045 901 2079 Romano
920 2046 1035 2088 caret,
1060 2054 1147 2079 cum
1164 2043 1298 2090 reliqui
1312 2043 1464 2079 incolae
1480 2053 1606 2089 paene
1627 2053 1764 2079 omnes
1780 2041 1976 2079 Thracicis

390 2100 609 2137 nominibus
625 2103 791 2146 utantur,
813 2112 974 2148 quorum
989 2101 1029 2137 in
1046 2111 1206 2137 numero
1224 2100 1463 2137 nobilissima
1479 2101 1547 2137 illa
1563 2101 1693 2148 Τήρης,
1719 2099 1845 2144 Κότυς,
1863 2099 1978 2148 Σπάρ-

390 2171 503 2204 τοκος,
532 2155 775 2206 Ῥυμητάλκης
805 2161 1022 2204 occurrunt,
1052 2159 1231 2194 Romana
1262 2169 1354 2194 vero
1386 2168 1543 2203 perrara
1572 2158 1650 2193 sint
1676 2159 1828 2203 praeter
1854 2165 1975 2193 unum

391 2215 526 2254 Κέλσος
542 2215 690 2252 octiens
706 2216 869 2253 rediens.
909 2217 950 2252 In
967 2227 1122 2252 summa
1138 2216 1246 2252 vides
1263 2216 1330 2252 181
1347 2215 1495 2251 incolas
1511 2214 1716 2251 recenseri.
1826 2217 1844 2250 1
1874 2213 1976 2255 Πίζον
2022 2203 2040 2240 {³³

391 2273 473 2309 sive
498 2273 618 2314 Πὶνζον
643 2275 845 2310 castellum
867 2274 907 2309 in
932 2274 1132 2319 provincia
1147 2273 1417 2309 Haemimonto
1444 2273 1492 2309 ab
1517 2272 1724 2323 Iustiniano
1746 2272 1975 2317 imperatore
2015 2272 2040 2318 ς’

392 2330 585 2367 conditum
603 2334 878 2368 commemorat
894 2332 1102 2377 Procopius
1127 2332 1174 2367 de
1201 2331 1312 2367 aedis.
1329 2330 1375 2366 IV
1391 2331 1447 2366 11.
1488 2330 1626 2367 Verum
1650 2329 1689 2366 id
1704 2329 1752 2365 de
1767 2328 1977 2365 munitione

392 2388 507 2424 modo
533 2389 618 2434 loci,
650 2400 729 2424 non
754 2390 800 2424 de
824 2389 954 2435 primis
977 2389 1115 2424 incolis
1139 2400 1185 2424 eo
1212 2389 1385 2424 deductis
1410 2390 1448 2423 et
1473 2387 1648 2423 domibus
1678 2385 1889 2422 aedificatis
1915 2396 1978 2421 ac-

394 2446 606 2491 cipiendum
637 2457 722 2482 esse
751 2446 830 2482 iam
855 2458 902 2482 ex
932 2446 1064 2482 tabula
1089 2445 1384 2491 Peutingeriana
1408 2447 1446 2480 et
1469 2444 1666 2480 Itinerario
1690 2441 1884 2488 Antonini,
1913 2441 1978 2478 ubi

393 2503 494 2539 inter
525 2503 713 2540 stationes
745 2504 830 2539 viae
857 2515 880 2540 a
905 2503 1159 2549 Philippopoli
1182 2502 1485 2548 Hadrianopolin
1510 2501 1666 2538 ferentis
1697 2501 1867 2538 secundo
1890 2500 1977 2536 loco

395 2564 731 2606 commemoratur.
761 2562 953 2607 cognitum
979 2564 1072 2597 erat.
1113 2561 1167 2596 De
1192 2561 1267 2596 situ
1290 2560 1420 2606 oppidi
1443 2570 1533 2595 vero
1562 2561 1600 2595 et
1634 2559 1682 2595 de
1705 2557 1860 2604 originis
1883 2559 1978 2593 tem·
2008 2597 2010 2601 ,

395 2629 486 2662 pore
499 2618 559 2654 hic
575 2619 726 2654 demum
740 2619 872 2655 titulus
888 2618 1130 2654 accuratiora
1143 2618 1280 2654 docuit.
1301 2618 1338 2653 S.
1433 2620 1459 2653 2
1484 2618 1596 2653 Anno
1614 2616 1692 2652 202.
1785 2617 1811 2651 3
1834 2615 1977 2651 Eodem
2010 2620 2012 2622 '

395 2676 624 2720 compendio
651 2675 695 2712 Κ.
722 2676 868 2715 Σικίνιος
893 2675 1032 2722 Κλᾶρος
1065 2677 1123 2711 est
1154 2676 1193 2711 in
1217 2674 1327 2710 titulo
1355 2674 1459 2720 apud
1482 2675 1525 2710 A.
1542 2673 1708 2709 Dumont
1730 2673 1847 2709 Inscr.
1871 2672 1918 2708 de
1938 2673 1979 2708 la
2032 2695 2040 2720 3,

396 2731 540 2767 Thrace
559 2733 673 2768 n.110
684 2746 719 2769 a.
753 2733 806 2768 Cf.
819 2734 974 2778 Prosop.
992 2733 1246 2776 Rom.111241‚
1259 2732 1339 2777 494,
1361 2731 1427 2767 ubi
1442 2731 1559 2767 etiam
1577 2740 1817 2766 nummorum
1834 2729 1977 2765 mentio
2000 2722 2040 2911 ἒξ

2008 2935 2020 2969 3

2010 3004 2023 3047 ἓ

398 2788 441 2822 fit
464 2789 502 2822 in
526 2789 689 2826 Thracia
714 2801 891 2826 cusorum
918 2801 1005 2826 cum
1031 2790 1138 2826 titulo
1167 2790 1316 2828 Σικίνιος
1340 2789 1479 2835 Κλᾶρος
1504 2788 1586 2824 sine
1610 2786 1869 2833 praenomine.

442 2847 469 2878 4
502 2845 555 2880 Cf.
581 2858 617 2881 n.
634 2847 735 2883 8672.
882 2851 907 2883 5
943 2848 1036 2884 Cum
1066 2848 1139 2883 iter
1169 2858 1236 2892 per
1266 2847 1352 2882 illas
1384 2845 1567 2882 Thraciae
1596 2844 1773 2891 regiones
1807 2843 1978 2879 facerent
2006 2854 2037 2873 ‹

397 2900 656 2944 imperatores.
1998 2901 1999 2904 ’

396 3014 482 3056 592

2002 3051 2040 3216 η
