2040 3216
93 206 176 243 683.
600 205 781 242 Messenii
801 207 841 242 et
862 205 1173 245 Lacedaemonii.
1564 207 1636 245 140
1651 218 1689 245 a.

52 345 249 402 ἰκρίοις
278 344 388 403 περὶ
416 345 609 403 χώραςῑ
629 343 635 402 Ι
654 343 954 392 Μεσοανίοις
982 343 1065 387 καὶ
1090 346 1544 402 Λαιεδαιμονίο[ις].
1565 347 1571 403 Ι
1593 363 1692 404 πρε-

95 416 267 472 σβευτᾶν
291 414 628 471 παραγενομένων
646 411 760 470 παρὰ
780 417 853 462 τᾶς
883 414 1024 461 πόλιος
1040 412 1048 470 Ι
1065 417 1154 470 τῶμ
1173 413 1416 458 Μεσσανίων
1436 414 1692 472 Μηνοδώρου

44 488 72 524 5
93 485 165 526 τοῦ
193 482 417 537 Διονυσίου,
434 480 728 540 ΙἈπολλωνίδα
763 484 834 525 τοῦ
865 480 1120 539 Νικάνδρου,
1162 481 1382 540 Χαρητίδα
1415 488 1487 527 τοῦ
1516 484 1692 541 ΔορΙιιω·

93 551 185 595 νίδα
212 550 284 594 καὶ
310 548 364 594 τὰ
393 550 616 608 γράμματα
646 551 876 594 ἀποδόντων
906 552 949 594 ἐν
978 549 1041 599 οἷς
1067 551 1314 608 διεσαΙφεῖτο
1335 553 1693 608 ἀνανεωσαμένους

11 634 17 640 ·
93 617 169 663 τᾶν
198 619 463 677 ὑπάρχουσαν
483 619 728 676 συγγένειΙαν
757 619 858 675 aasz]
886 619 1025 677 φιλίαν
1061 622 1151 668 ταῖς
1176 622 1320 664 πόλεσι
1338 618 1428 664 ποθ’
1453 619 1583 669 αὑτὰς
1603 622 1694 664 δια·

25 693 74 741 10
94 689 289 744 λέγεσθαι
315 687 437 746 ὅΙπως
466 690 715 746 ἐπιχωρήσει
746 689 773 731 ἁ
802 690 918 736 πόλις
947 689 1052 745 ἀναγ
1062 693 1249 746 ραφῆμεν
1279 690 1339 738 εἰς
1352 687 1574 747 Ὀλυμπίαν
1589 688 1599 748 Ι
1615 689 1693 747 τὰγ

94 757 254 815 ιρ[ί]οιν
282 754 363 814 τᾶγ
390 759 607 814 γενομέναν
639 764 707 799 τᾶι
735 758 852 800 πόλει
882 758 1013 800 αὐτῶν
1036 757 1129 800 ποτὶ
1158 755 1243 814 rip.
1259 759 1265 815 Ι
1281 759 1428 815 πόλι[ν]
1456 762 1535 801 τῶν
1557 759 1691 801 Λακε-

95 826 316 882 δαιμονίων
343 825 437 882 περὶ
456 825 610 883 χώρας,
641 826 871 868 ἀποδόντων
889 825 895 882 Ι
915 824 960 868 δὲ
988 829 1077 882 τῶμ
1099 828 1347 884 πρεσβευτᾶν
1376 826 1447 870 καὶ
1466 827 1691 884 ἐπιοτολὰμ

189 950 425 987 Litteratura
440 950 479 986 id
496 950 738 996 potissimum
754 950 1005 987 memorabile
1020 950 1152 995 habet,
1169 951 1271 997 quod
1285 951 1533 988 multifariam
1549 962 1691 989 curvae

96 1007 226 1044 lineae
254 1010 448 1044 rectarum
480 1007 609 1043 locum
640 1010 784 1043 tenent.
832 1007 970 1054 Capita
986 1007 1013 1053 1,
1029 1007 1073 1053 11,
1090 1007 1139 1044 m
1161 1008 1309 1055 primae
1333 1010 1516 1055 cuiusque
1538 1009 1691 1047 litterae

97 1065 233 1102 ἐιῦὲσει
247 1064 463 1101 distinctae.
495 1064 538 1101 V.
552 1066 587 1100 1.
602 1065 625 1100 2
640 1064 850 1100 maioribus
864 1065 1000 1102 litteris
1015 1065 1175 1102 exarati.
1211 1066 1228 1102 1
1243 1069 1288 1110 (v.
1302 1066 1429 1110 3—28)
1446 1066 1691 1112 plebiscitum

97 1122 276 1158 Eleorum
307 1124 376 1163 est.
408 1132 483 1168 quo
508 1121 708 1158 Messeniis
736 1132 808 1168 per
838 1122 987 1167 legatos
1016 1122 1238 1167 petentibus
1261 1123 1380 1160 venia
1408 1122 1522 1159 datur
1545 1124 1693 1160 arbitrii

97 1179 333 1216 Milesiorum
350 1177 550 1224 Olympiae
566 1178 721 1224 publice
736 1178 988 1226 proponendi,
1009 1179 1042 1215 ll
1057 1179 1263 1223 (1.29-40)
1278 1180 1446 1226 epistula
1459 1181 1691 1218 Milesiorum

98 1237 151 1273 ad
178 1236 293 1273 Eleos
322 1235 427 1282 data,
456 1246 572 1282 quam
595 1236 679 1272 Elin
714 1237 928 1272 attulerunt
954 1246 1087 1273 secum
1115 1237 1234 1282 legati
1255 1238 1534 1274 Messeniorum
1559 1244 1606 1283 (v,
1623 1239 1692 1283 10),

97 1304 177 1340 qua
191 1293 362 1329 referunt
376 1303 419 1329 se
434 1293 658 1339 rogantibus
672 1293 871 1330 Messeniis
887 1294 1102 1340 exemplum
1123 1293 1225 1330 illius
1240 1294 1386 1330 arbitrii
1402 1294 1568 1341 dedisse,
1588 1297 1692 1342 quod

98 1350 300 1397 olympiae
322 1349 566 1395 incideretur,
588 1350 638 1386 111
654 1352 701 1394 (v.
711 1350 862 1394 41—70)
886 1351 1012 1397 ipsum
1037 1351 1248 1387 arbitrium.
1288 1350 1448 1388 Praeter
1469 1363 1506 1388 v.
1518 1353 1552 1389 1.
1569 1353 1603 1397 2,
1629 1353 1693 1399 qui

101 1410 227 1444 totam
250 1409 332 1444 fere
355 1407 494 1453 lapidis
515 1407 757 1443 latitudinem
781 1409 949 1454 explent,
971 1408 1104 1444 titulus
1127 1418 1197 1455 per
1220 1408 1319 1445 duas
1342 1410 1544 1447 columnas
1567 1409 1693 1456 dispo·

99 1465 198 1502 situs
217 1467 289 1510 eet,
313 1475 363 1500 ex
377 1464 512 1511 quibus
527 1465 684 1501 sinistra
698 1465 715 1501 1
731 1467 770 1501 et
786 1465 828 1510 11,
852 1465 989 1502 dextra
1004 1465 1052 1502 111
1067 1466 1250 1502 continet.
1289 1465 1345 1502 De
1363 1470 1491 1503 aetate
1507 1467 1556 1503 οἱ.
1569 1470 1649 1504 not.
1657 1467 1692 1505 6.

150 1526 171 1559 1
197 1522 303 1569 Ager
321 1522 583 1558 Dentheliates
605 1523 704 1558 situs
727 1525 813 1558 erat
836 1523 888 1559 ad
913 1519 1174 1560 occidentales
1197 1524 1341 1560 montis
1358 1523 1519 1570 Taygeti
1540 1525 1693 1562 radices

99 1579 277 1623 (Bauium
301 1579 437 1625 Geogr.
453 1579 487 1615 11
503 1579 585 1623 1oe3
606 1580 726 1616 Kolbe
747 1580 838 1617 le
855 1581 876 1615 1
894 1591 930 1626 p.
942 1580 1034 1624 260).
1073 1580 1130 1616 De
1154 1591 1201 1617 eo
1226 1581 1315 1616 inde
1339 1582 1390 1617 ab
1415 1583 1691 1628 antiquissimis

99 1636 339 1683 temporibus
361 1636 565 1682 litigabant
579 1637 876 1673 Lacedaemonii
900 1640 939 1673 et
954 1637 1144 1673 Messenii.
1179 1638 1296 1674 Bellis
1311 1638 1512 1675 Messeniis
1533 1650 1581 1676 eo
1599 1651 1692 1686 agro

102 1704 192 1730 cum
213 1696 299 1731 tota
319 1697 423 1730 terra
443 1694 636 1730 Messenia
658 1695 767 1739 potiti
790 1697 902 1730 erant
924 1694 1233 1739 Lacedaemonii,
1261 1695 1331 1731 sed
1354 1696 1472 1732 etiam
1494 1696 1695 1732 Messeniis

100 1751 156 1787 ab
177 1750 446 1797 Epaminonda
472 1751 512 1787 in
535 1752 701 1796 patriam
725 1752 910 1788 restitutis
933 1752 1230 1789 Lacedaemonii
1254 1763 1386 1799 agrum
1410 1753 1694 1790 Dentheliatem

102 1807 331 1844 retinebant.
378 1809 429 1844 At
458 1811 547 1854 post
575 1820 745 1854 pugnam
769 1809 1083 1846 Chaeronensem
1108 1810 1243 1854 (2338)
1269 1810 1432 1856 Philippi
1453 1811 1645 1856 Amyntae
1668 1812 1695 1847 f.

102 1865 262 1902 arbitrio
278 1865 478 1902 Messeniis
500 1865 671 1902 redditus
693 1868 762 1902 est.
801 1867 896 1902 Item
912 1866 1128 1913 Antigonus
1143 1867 1276 1904 Doson
1300 1870 1390 1913 post
1404 1879 1574 1914 pugnam
1591 1869 1695 1915 apud

103 1921 311 1959 Sellasiam
334 1923 582 1959 commissam
606 1927 653 1968 (a.
662 1924 743 1968 222)
760 1925 1037 1961 Messeniorum
1060 1925 1130 1969 ius,
1155 1925 1258 1971 quod
1278 1926 1411 1971 paullo
1427 1928 1517 1962 ante
1535 1936 1560 1962 a
1574 1926 1695 1963 Lace·

105 1979 319 2016 daemoniis
333 1980 374 2015 in
390 1980 547 2016 dubim
562 1983 748 2017 vocatum
763 1981 925 2026 videtur,
944 1973 1198 2018 confirmavit.
1233 1983 1314 2019 Iam
1331 1994 1418 2019 cum
1433 1983 1474 2020 L.
1489 1984 1694 2020 Mummius
1718 1995 1722 1998 ’

105 2035 219 2071 ι146
226 2036 401 2073 Achaeos
417 2037 633 2081 devicisset,
644 2037 942 2075 Lacedaemonii
949 2039 1149 2075 Messeniis
1163 2039 1270 2076 litem
1286 2040 1551 2076 intendebant.
1570 2041 1694 2085 Quam

107 2103 133 2128 a
155 2092 335 2128 Mummio
357 2093 443 2138 ipso
466 2093 715 2130 diiudicatum
739 2105 837 2140 esse,
862 2095 1000 2132 deinde
1022 2107 1116 2132 vero
1141 2097 1224 2133 eius
1246 2097 1428 2133 iudicium
1454 2108 1478 2133 a
1500 2098 1696 2134 Lacedae-

106 2149 246 2185 moniis
267 2149 395 2185 denuo
414 2150 455 2185 in
472 2150 791 2196 disceptationem
806 2155 1001 2197 vocatum,
1025 2154 1070 2189 N.
1087 2165 1136 2189 ex
1151 2154 1273 2190 Taciti
1291 2157 1514 2191 narratione
1530 2155 1694 2200 collegit.

107 2207 243 2252 [Atque
265 2205 342 2241 hoc
364 2206 518 2251 quidem
541 2211 646 2244 recte
662 2209 876 2245 secundum
891 2210 1069 2246 Kolbium
1084 2211 1133 2247 IG
1150 2212 1180 2248 V
1192 2213 1213 2247 1
1230 2223 1266 2257 p.
1279 2211 1410 2256 ΧΝω,
1435 2223 1522 2247 cum
1540 2212 1691 2248 disertis

107 2264 236 2299 verbis
265 2263 408 2298 diceret
430 2263 584 2299 Tacitus
606 2265 708 2300 Ann.
722 2265 770 2301 IV
784 2267 846 2301 43:
877 2267 976 2302 idem
998 2269 1096 2313 regis
1119 2269 1310 2314 Antiyom',
1339 2270 1437 2305 idem
1460 2269 1697 2315 imperatoris

108 2320 290 2356 Mummii
310 2321 506 2365 iudicium,
530 2317 669 2366 nempe
687 2322 983 2367 (Messeniorum)
1007 2325 1088 2370 περι·
1100 2325 1364 2362 Dentheliatem
1387 2338 1521 2371 αρν-ατη
1544 2353 1552 2360 .
1567 2353 1576 2360 .
1589 2353 1598 2361 .
1623 2338 1695 2361 ees-

104 2378 222 2421 stsse]
269 2376 384 2422 Atqui
406 2378 630 2412 Mummium
662 2378 817 2414 definite
845 2380 1074 2425 decrevisse,
1103 2384 1147 2416 ut
1168 2382 1442 2418 Messeniorum
1467 2384 1570 2417 esset
1593 2392 1696 2427 ager,

110 2444 302 2480 nusquam
335 2435 375 2469 in
406 2434 482 2469 hoc
506 2434 619 2470 titulo
642 2434 796 2480 legitur;
829 2436 931 2481 quod
955 2437 1150 2473 decretum
1175 2441 1320 2482 tamen,
1352 2439 1387 2473 si
1409 2438 1525 2474 modo
1549 2439 1696 2474 factum

110 2493 205 2536 erat,
222 2491 327 2526 nullo
343 2491 458 2526 modo
476 2491 596 2526 taceri
611 2491 744 2536 potuit.
771 2492 892 2528 Immo
902 2493 1102 2529 Mummius
1118 2495 1300 2530 statuisse
1315 2495 1477 2539 videtur,
1491 2498 1535 2530 ut
1548 2495 1696 2541 utrique

110 2550 289 2584 tenerent
310 2548 413 2593 quod
436 2550 516 2583 tum
539 2548 763 2584 habuissent
785 2559 871 2584 cum
895 2549 978 2594 ipse
1001 2551 1041 2585 in
1059 2550 1260 2587 Graeciam
1283 2553 1510 2597 perveniret.
1548 2551 1606 2587 Ex
1620 2553 1697 2588 hac

111 2616 153 2641 re
176 2605 223 2640 lis
247 2608 333 2641 orta
357 2607 427 2648 est,
458 2606 548 2650 quia
570 2606 719 2650 utrique
742 2616 786 2640 se
808 2608 891 2641 tum
914 2607 1098 2652 temporis
1119 2607 1159 2642 in
1182 2608 1430 2652 possessione
1452 2609 1572 2645 fuisse
1596 2609 1697 2645 dice-

111 2663 218 2698 hant.
258 2664 367 2708 Quae
389 2663 437 2698 lis
455 2662 589 2707 paucis
605 2664 693 2707 post
708 2663 928 2698 Mummium
947 2663 1060 2699 annis
1078 2664 1137 2708 (cf.
1153 2666 1231 2699 not.
1242 2665 1276 2708 ὃ)
1292 2665 1524 2702 Milesiorum
1541 2653 1697 2702 arbitrio

110 2719 274 2755 dii-emta
297 2722 358 2755 est
379 2720 435 2755 ita
450 2722 494 2755 ut
510 2719 709 2754 Messeniis
730 2730 823 2764 aget
838 2720 1124 2757 concederetur.
1159 2721 1303 2757 Postea
1319 2722 1358 2759 C.
1371 2723 1515 2759 Caesar
1530 2723 1699 2760 dictator

108 2786 199 2811 eum
222 2776 540 2812 Lacedaemoniis
571 2777 711 2821 tribuit,
739 2777 786 2811 M.
803 2776 994 2812 Antonius
1024 2778 1198 2814 triumvir
1227 2779 1479 2824 confirmavit,
1509 2780 1579 2817 sed
1603 2781 1697 2817 225

110 2842 148 2875 p.
169 2832 255 2868 Chr.
274 2833 443 2869 Tiberius
472 2834 616 2870 Caesar
640 2834 838 2869 Messeniis
865 2834 1036 2870 reddidit.
1085 2836 1173 2870 Tac.
1189 2836 1288 2872 Anu.
1304 2837 1423 2873 1V43.
1451 2837 1551 2874 Dttb.
1591 2838 1635 2874 A.
1651 2839 1697 2874 78

110 2887 154 2924 ‘1'-
168 2890 323 2925 Flavius
346 2891 578 2927 Monomitus
602 2892 799 2936 geometra
828 2891 1014 2928 terminos
1038 2892 1272 2929 examinavit
1293 2894 1344 2930 IG
1357 2894 1389 2931 V
1405 2896 1439 2940 1,
1454 2896 1557 2932 1431.

1608 3009 1695 3052 269
