1982 3236
0 0 51 267 r
92 200 172 238 542,
620 197 914 234 Atheniensium
937 195 1156 232 archontes.
1364 197 1629 244 22918-21312
1646 209 1682 236 a.

0 313 14 375 ἓ
94 343 136 357 --
161 336 291 363 nonae
325 325 445 363 tribus
471 325 600 362 locum
636 323 755 361 babet
782 326 873 360 ante
907 322 1058 370 Κήττιον
1095 322 1290 360 Leontidis
1313 339 1357 355 ε
1383 326 1515 361 sextae
1549 325 1683 362 tribus.

0 385 8 407 ²·
140 387 167 420 8
190 382 355 421 Kochla-
382 381 503 428 suppl.
526 381 659 426 Π[αια(ν
662 381 730 418 ιευ
716 383 766 426 )].
815 381 870 417 cf.
892 381 957 417 PA
973 380 1262 417 1435914360.
1309 379 1359 417 At
1391 379 1447 418 sic
1479 380 1573 418 ordo
1605 382 1684 417 sol·

93 440 231 479 lemnia
258 440 375 487 plane
402 439 593 484 turbatur3
630 441 723 476 sunt
754 438 857 475 enim
888 437 1149 475 Paeanienses
1180 436 1430 474 Pandionidis
1454 453 1497 469 ε-
1523 438 1683 484 quintae

92 498 224 535 tribus.
352 498 378 533 '1
402 496 638 533 Archontem
654 494 833 532 Καλλι-
846 495 1113 542 magistratum
1129 496 1298 542 gessisse
1315 497 1406 533 ante
1421 495 1682 532 Menecratem

94 556 150 592 tit.
165 555 214 592 lG
229 553 283 590 11¹
298 552 390 591 1591
423 556 597 590 testatur.
742 554 770 589 8
794 551 844 590 Ἀν
847 554 970 590 nautum
994 554 1119 600 ipsam
1151 563 1305 599 quoque
1335 555 1425 598 post
1456 563 1491 591 a.
1506 552 1615 599 30716
1643 553 1683 589 in

94 612 192 649 duas
219 613 350 658 partes
374 610 535 648 divisam
558 610 688 656 fuisse,
721 611 1035 657 quarumaltera
1059 610 1099 646 in
1121 609 1421 656 Hippothontide
1444 610 1684 656 remanebat,

96 670 222 707 altera
242 668 475 705 Demetriadi
506 668 752 713 tribuebatur,
782 668 856 704 boc
885 667 969 714 ipso
998 668 1085 704 loco
1118 666 1228 704 nisus
1260 667 1394 704 statuit
1417 668 1472 704 Ki.
1497 668 1569 704 Rh.
1587 669 1682 705 uus.

7 767 13 770 ‚
93 726 222 764 LXVII
243 725 323 763 556.
371 725 550 763 oblocuti
582 728 673 762 sunt
703 725 928 762 Schebelew
960 725 1135 772 Στέφανος
1169 724 1210 761 in
1245 725 1432 762 honorem
1466 724 1684 762 Sokolowii.

3 794 15 803 -’
91 783 242 830 Petrop.
259 782 362 828 1895,
376 783 425 820 20
447 786 487 819 et
501 782 618 820 Bates
642 783 720 819 The
744 782 818 819 five
842 782 1221 828 post-Kleistbenean
1244 782 1371 819 tribes.
1405 781 1552 828 Ithaca,
1574 782 1685 819 New-

91 840 192 877 York
214 839 318 886 1898,
334 840 392 877 23.
433 840 527 877 Utut
549 851 613 876 res
636 850 679 877 se
701 839 830 885 habet,
855 840 937 876 sive
962 840 1265 876 thesmothetam
1288 833 1581 877 Anacaeensem
1598 840 1686 886 Hip-

92 897 310 944 pothontidi
325 897 395 942 (xl)
419 897 501 934 sive
525 897 761 934 Demetriadi
777 897 830 942 (11)
856 897 1208 943 adnumerabimus,
1231 898 1365 944 utique
1388 898 1463 934 hoc
1488 909 1592 935 anno
1617 909 1686 935 no·

92 955 200 992 mina
222 955 566 993 thesmotbetarum
590 958 698 992 recto
723 955 856 991 ordine
880 965 960 992 non
986 965 1071 991 esse
1098 954 1250 1001 digesta
1265 954 1485 992 fatebimur.
1526 955 1565 991 Si
1581 955 1684 991 enim

92 1013 169 1050 hoc
199 1015 398 1058 statuetur,
431 1013 635 1049 dicendum
659 1013 730 1048 erit
754 1015 891 1048 contra
915 1022 1061 1048 morem
1086 1015 1124 1048 et
1147 1012 1435 1057 polemarchum
1460 1015 1498 1048 et
1523 1012 1684 1048 alterum

94 1070 392 1108 thesmothetam
416 1080 465 1106 ex
479 1069 723 1106 Demetriade
749 1072 904 1114 captum
930 1079 1028 1104 esse.
1155 1072 1182 1105 9
1206 1068 1446 1104 Ptolemaida
1462 1069 1684 1106 Ptolemaeo

92 1129 282 1175 Euergeta
304 1129 491 1173 regnante
508 1127 714 1170 (246-221)
733 1126 948 1162 institutam
966 1136 1051 1162 esse
1069 1128 1232 1162 constat.
1269 1126 1327 1163 Ct'.
1345 1137 1382 1162 n.
1395 1126 1496 1162 4962.
1533 1126 1685 1163 Arctius

94 1188 247 1230 tempus
263 1183 376 1221 annis
391 1183 655 1229 22918-22110
666 1182 995 1228 circumscribitur,
1012 1182 1200 1229 siquidem
1216 1186 1309 1219 ante
1320 1182 1496 1220 Athenas
1513 1183 1686 1231 0230129

95 1241 357 1278 dominatione
379 1240 633 1277 Macedonum
657 1240 843 1277 liberatas
858 1238 1101 1277 Ptolemaida
1123 1239 1248 1276 creari
1270 1239 1442 1285 potuisse
1464 1240 1546 1277 iure
1570 1251 1687 1287 nega·

93 1299 220 1335 bimus
227 1311 238 1343 ;
269 1298 413 1335 Beloch
433 1298 513 1335 487.
561 1298 604 1334 Δ.
619 1298 728 1344 22514
758 1298 815 1334 ἐπὶ
837 1296 993 1344 Νικήτου
1020 1298 1186 1346 ἄρχοντος
1208 1297 1457 1333 Ptolemaidis
1479 1298 1684 1344 vestigium

95 1356 268 1393 nondum
291 1357 434 1400 exstat;
458 1366 552 1392 nam
576 1365 611 1392 v.
627 1355 675 1392 52
698 1355 960 1391 thesmutheta
976 1353 1110 1395 Φλυεύς
1126 1354 1199 1399 (ΙΧ)
1222 1355 1390 1391 medium
1413 1355 1542 1392 locum
1565 1354 1686 1391 habet

94 1414 196 1452 inter
209 1411 371 1463 Ἀχαρνέα
386 1412 488 1458 (vm)
512 1415 552 1449 et
571 1410 811 1460 Ἀλωπεκῆθεν
827 1411 929 1456 (XII).
967 1411 1208 1448 Ptolemaide
1233 1415 1363 1448 autem
1381 1413 1557 1449 instituta
1573 1412 1687 1458 Phly-

95 1481 211 1508 enses
240 1470 282 1507 in
307 1470 411 1506 hane
434 1469 574 1506 tribum
601 1469 776 1506 translati
800 1472 891 1505 sunt
915 1469 988 1514 (PA
1005 1470 1038 1505 11
1061 1480 1096 1515 p.
1114 1470 1211 1514 622);
1245 1481 1319 1516 quo
1342 1470 1449 1506 facto
1472 1470 1686 1516 Phlyenses

94 1538 175 1564 non
205 1538 364 1573 nonum,
388 1528 490 1564 sicut
514 1539 548 1564 a.
564 1527 683 1574 22514,
716 1527 786 1564 sed
817 1527 1022 1573 septimum
1047 1527 1174 1564 locum
1198 1528 1238 1563 in
1263 1528 1440 1564 sollemni
1464 1527 1598 1564 ordine
1623 1528 1686 1564 tri-

94 1584 212 1621 buum
227 1585 430 1630 tenebant;
447 1584 495 1620 cf.
508 1588 641 1621 notam
654 1584 850 1621 initialem.
881 1584 1002 1621 Aliter
1016 1595 1078 1621 res
1095 1595 1137 1621 se
1153 1585 1319 1621 habeta.
1330 1585 1450 1631 22211.
1486 1585 1567 1621 Hoc
1580 1596 1685 1622 anno

93 1653 129 1679 v,
145 1641 192 1678 82
215 1641 316 1678 inter
345 1643 644 1679 thesmotbetam
666 1642 818 1689 Κήπιον
840 1641 910 1686 (VI)
934 1644 974 1678 et
994 1642 1218 1690 Τρικορύσιον
1242 1642 1327 1686 (XII)
1362 1646 1687 1679 commemoratur

24 1716 33 1742 ι,
94 1698 270 1748 Αἰγιλιεύς
291 1699 554 1744 (Ptolemaidis
569 1699 656 1745 VII),
679 1710 768 1736 cum
792 1699 1030 1745 Aegilienses
1055 1701 1146 1735 ante
1163 1699 1406 1736 Ptolemaida
1430 1703 1600 1736 creatam
1627 1710 1688 1736 as·

94 1757 236 1802 signati
251 1756 391 1793 fuerint
402 1757 622 1793 Antiochidi
637 1757 715 1802 (PA
727 1756 760 1792 11
772 1769 807 1803 p.
822 1757 915 1802 499),
928 1767 1027 1803 quae
1045 1756 1165 1793 tribus
1179 1757 1353 1793 ultimum
1370 1757 1496 1793 locum
1510 1760 1686 1803 occupat.

23 1820 26 1821 ’
94 1812 138 1849 A.
153 1813 262 1860 ”ll
277 1813 391 1860 igitur
405 1814 645 1850 Ptolemaida
668 1814 861 1850 exstitisse
885 1825 955 1860 pro
977 1817 1082 1850 certo
1108 1814 1293 1851 affirmari
1315 1817 1452 1860 potest.
1492 1815 1585 1850 Erat
1609 1814 1685 1851 for-

23 1893 26 1895 *
94 1873 200 1907 tasse
214 1871 294 1906 iam
311 1871 477 1916 a224s3;
494 1882 587 1908 nam
603 1872 693 1908 v.54
709 1873 826 1921 ἄρχων
844 1874 904 1908 est
914 1870 1115 1920 Ἀφιδναῖος,
1132 1882 1248 1918 quem
1265 1872 1418 1908 demum
1434 1882 1483 1907 ex
1494 1871 1683 1908 Aeantide

11 1961 18 1964 .
94 1928 136 1963 in
151 1927 390 1964 Ptolemaida
406 1928 684 1974 transpositum
705 1940 791 1966 esse
813 1929 965 1974 scimus,
988 1929 1051 1965 ΡΑ
1066 1929 1099 1965 11
1114 1940 1150 1974 p.
1166 1929 1245 1966 518.
1287 1929 1342 1966 Cf.
1359 1929 1583 1966 Schebelew
1601 1929 1685 1966 Στὲ·

97 1997 205 2032 φανος
227 1985 285 2022 26.
330 1986 417 2022 Non
447 1987 503 2023 ita
531 1986 680 2023 iudicat
709 1986 885 2023 Johnson
909 1987 1071 2022 Americ.
1084 1986 1213 2031 journ.
1230 1987 1358 2032 philol.
1377 1987 1481 2032 1913,
1502 1986 1583 2023 381.
1604 1987 1684 2032 396,
1738 2030 1741 2033 ,

97 2042 162 2088 qui
190 2041 264 2078 sibi
285 2043 476 2088 persuasit
499 2043 740 2079 Ptolemaida
763 2044 841 2079 iam
865 2044 936 2080 sub
961 2045 1078 2079 finem
1104 2055 1139 2079 a.
1156 2044 1265 2090 23312
1289 2055 1374 2080 esse
1398 2047 1583 2081 creatam.
1622 2044 1687 2080 Ni-

96 2098 187 2135 titur
201 2100 286 2136 eius
301 2101 581 2146 argumentatio
597 2101 763 2137 maxime
779 2101 819 2136 in
842 2101 897 2137 tit.
910 2113 947 2137 n.
960 2101 1067 2145 4914,
1087 2101 1154 2137 ubi
1168 2102 1314 2137 reiecta
1329 2102 1494 2138 lectione
1509 2101 1687 2147 Lollingii

97 2158 137 2191 et
158 2156 347 2193 wilhelmi
376 2158 526 2194 scribae
555 2169 698 2194 nomen
728 2169 808 2194 non
842 2169 867 2194 a
890 2163 919 2195 Λ
944 2159 1013 2194 sed
1038 2159 1088 2195 ab
1114 2162 1145 2194 Α
1169 2159 1315 2195 initium
1339 2169 1477 2205 capere
1501 2159 1684 2203 affirmat;

98 2223 186 2248 cum
208 2213 325 2259 igitur
343 2214 577 2251 demoticum
594 2215 744 2251 scribae
759 2215 938 2251 Wilhelm
955 2216 1189 2261 suppleverit
1203 2216 1450 2261 Λ[ευιονοεύς],
1474 2216 1539 2263 qui
1554 2216 1688 2252 demus

100 2269 150 2306 ad
164 2270 353 2308 Leontida
374 2272 549 2318 pertinet,
571 2272 745 2309 Johnson
763 2273 929 2309 restituit
943 2271 1164 2321 Ἁ[γνούσιος],
1189 2274 1254 2320 qui
1269 2274 1404 2310 demus
1421 2273 1686 2311 Acamantidis

99 2328 167 2361 est.
206 2326 256 2361 At
271 2331 302 2363 Α
324 2327 365 2362 in
387 2328 516 2374 lapide
540 2340 620 2365 non
644 2332 809 2375 exstare,
834 2330 952 2366 immo
969 2335 997 2366 Λ
1020 2341 1142 2376 nuper
1156 2331 1381 2367 Leonardos
1394 2332 1531 2367 litteris
1549 2331 1599 2366 ad
1615 2341 1687 2366 nos

100 2382 200 2418 datis
222 2383 348 2419 denuo
380 2389 591 2422 asseverat.
639 2388 745 2431 Quae
770 2398 857 2422 cum
879 2388 936 2423 ita
959 2388 1047 2432 sint,
1080 2399 1179 2434 quae
1202 2389 1375 2424 Johnson
1398 2389 1522 2433 legem
1546 2389 1687 2432 Fergu-

100 2439 306 2475 sonianam
323 2443 476 2476 secutus
491 2451 528 2486 p.
544 2442 623 2477 386.
640 2442 719 2477 393.
736 2443 807 2477 395
823 2443 871 2478 de
886 2444 1120 2480 Thersilochi
1135 2447 1173 2479 et
1188 2444 1451 2479 Diomedontis
1475 2443 1588 2480 annis
1612 2443 1688 2478 dis·

100 2495 229 2540 seruit,
253 2498 357 2532 stare
381 2507 460 2532 non
483 2500 657 2542 possunt.
693 2498 825 2543 Neque
849 2499 972 2544 magis
996 2499 1051 2534 eis
1074 2510 1173 2545 quae
1191 2500 1239 2534 de
1256 2500 1449 2535 Cleanthis
1468 2500 1688 2545 philosophi

99 2553 336 2598 temporibus
348 2553 572 2590 definiendis
585 2554 720 2590 statuit
732 2554 910 2590 assentiri
921 2566 1139 2600 possumus,
1150 2558 1354 2601 postquam
1363 2556 1687 2601 A.MayerPhilol.

72 2613 74 2615 '
100 2609 215 2647 LXXI
229 2610 332 2655 1912,
348 2611 467 2646 236in
491 2611 617 2647 indice
640 2611 748 2648 stoic.
764 2611 912 2647 Hercul.
930 2612 1003 2648 col.
1014 2612 1061 2648 29
1077 2612 1232 2656 (Beloch
1253 2612 1314 2648 Gr.
1326 2613 1370 2649 G.
1386 2613 1435 2649 111
1451 2614 1485 2660 2,
1496 2614 1577 2658 472)
1600 2614 1687 2651 loco

101 2666 228 2703 denuo
259 2669 478 2705 examinato
508 2680 588 2706 non
619 2671 801 2716 τριάκοντα
831 2670 891 2705 καὶ
921 2670 956 2705 ἓν
987 2669 1057 2706 sed
1085 2671 1269 2717 τριάκοντα
1297 2671 1502 2717 legendum
1531 2683 1619 2709 esse
1648 2675 1689 2708 et

100 2726 189 2769 post
217 2726 399 2772 τριάκοντα
429 2737 573 2763 novum
604 2727 843 2763 enuntiatum
868 2729 936 2771 (τὸν
961 2727 1137 2764 Διονύσιον
1159 2729 1286 2772 τοίνυν)
1309 2728 1476 2774 incipere
1499 2729 1688 2775 probavit.

102 2780 210 2826 Quae
240 2781 404 2829 denique
434 2783 611 2820 Johnson
633 2785 704 2820 390
735 2786 871 2820 contra
900 2784 956 2821 Ki.
981 2785 1104 2821 Goett.
1129 2785 1194 2822 (ΞΑ
1216 2785 1319 2831 1900,
1341 2786 1412 2822 453
1445 2787 1615 2833 disputat
1646 2787 1687 2824 in

66 2889 74 2894 ι
101 2837 294 2875 Heliodori
318 2840 512 2877 archontis
528 2842 681 2878 decreto
698 2842 746 2878 IG
763 2842 795 2877 11
810 2843 844 2885 5,
856 2841 958 2877 3851»
974 2858 1017 2873 =
1033 2842 1089 2878 11²
1102 2842 1211 2887 832„
1223 2843 1344 2880 verba
1360 2845 1435 2891 τ[ἡν
1452 2845 1687 2892 δημοκρατίαν

102 2894 419 2943 ἐπῂνορθώσαντας
438 2898 488 2934 ad
503 2898 559 2935 rei
572 2899 750 2944 publicae
764 2899 1010 2935 Atheniensis
1026 2902 1169 2936 statum
1186 2911 1221 2937 a.
1233 2900 1303 2936 229
1318 2901 1451 2937 referri
1467 2912 1546 2938 non
1562 2912 1688 2947 posse,

171 2957 449 2995 Dittenlmrger,
468 2961 585 2996 Sylloge
601 2962 641 2989 11.
1389 2959 1412 2994 2

1634 3016 1688 3061 17
