2040 3216
0 0 19 122 Ε

0 126 10 161 ἴ

7 374 9 378 ’
25 407 72 445 36

96 194 179 231 543.
655 192 853 240 Philippus
878 194 918 229 et
940 192 1123 230 Larisaei.
1562 197 1631 233 214
1649 208 1684 234 a.

97 349 233 391 φασιν.
282 332 387 391 πλὴν
407 332 466 376 ἔτι
483 349 530 390 γε
552 332 621 376 καὶ
651 336 718 376 νῦν
748 334 972 390 παρακαλῶ
1005 332 1108 390 ὑμᾶς
1139 333 1388 391 ἀφιλοτίμως
1418 337 1684 395 προσελθεῖνΙ

95 401 208 460 [πρὸς
236 400 299 458 τὸ]
323 403 509 459 πρᾶγμα,
540 400 610 445 καὶ
638 401 731 450 τοὺς
762 402 832 458 μὲν
871 402 1128 459 κεκριμένους
1159 402 1234 445 ὑπὸ
1269 406 1347 446 τῶν
1382 405 1554 447 πολιτῶν
1586 406 1685 448 ἀπο-

94 474 345 528 καταστῆσαι
374 471 432 519 εἰς
460 470 532 528 τὴν
562 470 778 526 πολιτείαν,
806 472 842 514 εἰ
863 470 1066 528 δέΙ[τινες
1094 471 1326 530 ἀ]νήκεστόν
1357 489 1396 516 τι
1424 472 1682 532 πεπράχασιν

95 539 244 588 eto<88
271 539 343 598 τὴν
377 541 586 598 βασιλείαν
615 543 643 597 ἢ
673 541 745 598 τὴν
774 542 888 584 πόλιν
909 543 936 598 ἢ
968 538 1016 584 δι’
1052 540 1179 598 ἄλλην
1208 539 1294 585 τινὰ
1328 543 1460 586 αἰτίαν
1494 543 1547 601 μὴ
1581 542 1684 591 ἄξιοί

94 609 195 653 εἰσιν
219 607 456 667 Ι[μετε’χ]ειν
501 614 573 667 τῆς
618 611 766 667 στήλης
810 610 976 667 ταύτης,
1022 610 1114 668 περὶ
1156 611 1305 655 τούτων
1351 612 1422 669 τὴν
1468 612 1681 670 ὑπέρθεσιν

91 677 357 734 ποιήσασθαι,
378 679 454 727 ἕως
475 678 524 721 ἂν
544 678 626 736 ἐγὼ
647 680 889 737 ἐπιστρέψας
911 678 989 722 ἀπὸ
1018 684 1088 737 τῆς
1108 679 1112 737 Ι
1129 680 1434 737 [στρατ]είας89
1456 682 1680 725 διακούσω·

91 747 174 795 τοῖς
205 747 408 803 μέντονῧθ
437 749 675 805 κατηγορεῖν
705 748 855 791 τούτων
877 750 1088 804 μέλλουσιν
1117 750 1349 807 προείπατε,
1379 752 1489 799 ὅπως
1517 751 1570 808 μὴ
1604 767 1683 808 φα·

91 817 212 859 νῶσιν
242 812 311 860 διὰ
340 816 611 874 φ[ιΙλοτ]ιμίαν
641 820 757 860 τοῦτο
777 820 996 866 ποιοῦντες.
1038 818 1153 866 ἔτους
1176 815 1224 873 ζ’,
1258 818 1477 876 Γορπιαίου
1501 817 1621 876 ιγ’31.

22 889 71 926 40
93 884 370 942 ψαφιξαμένας
398 889 470 934 τᾶς
505 887 644 934 πόλιος
675 885 906 944 ψάφισμα
939 886 984 930 τὸ
1021 886 1434 946 ὑπογεΙ[γρ]αμμε’νον·
1474 888 1681 945 Θεμιστίοι

92 955 143 996 τᾶ
164 953 469 1011 ὑστερομμεινία
480 955 534 989 32
555 955 871 1012 ἀγορανομέντος
891 954 1112 1003 Ἀλεξίπποι
1131 954 1220 1013 περ’
1250 957 1379 1014 ἱεροῦν
1392 958 1446 992 33
1461 957 1681 1006 Ἀλεξίπποι

90 1077 214 1114 usque
240 1067 289 1104 ad
313 1078 458 1104 annum
474 1069 543 1104 214
561 1070 648 1112 (not.
665 1069 722 1112 31)
740 1069 924 1104 deductas
942 1069 1197 1115 quadraginta
1214 1069 1320 1114 duas,
1346 1070 1506 1107 Latinas
1525 1071 1680 1117 triginta

47 1158 53 1164 ,
90 1127 222 1171 unam,
247 1124 386 1160 civium
409 1125 674 1161 Romanorum
698 1125 887 1161 undecim.
935 1125 1126 1162 Asconius
1151 1127 1202 1163 ad
1228 1127 1302 1163 Cic.
1320 1126 1360 1163 in
1384 1127 1567 1164 Pisonem
1591 1140 1627 1175 p.
1644 1129 1679 1175 3,

90 1181 114 1216 9
137 1181 180 1218 Κ.
198 1183 237 1218 ει
252 1181 340 1217 Sch.
372 1182 621 1227 Placentiam,
647 1192 746 1228 quae
769 1183 855 1228 ipsa
878 1185 1074 1228 postrema
1098 1186 1189 1220 ante
1212 1184 1319 1220 illum
1344 1195 1488 1221 annum
1514 1185 1679 1223 deducta

92 1240 170 1283 est,
199 1239 351 1275 tertiam
385 1241 425 1274 et
454 1238 811 1285 quinquagesimam
844 1240 1037 1277 coloniam
1070 1240 1333 1277 Romanorum
1370 1241 1461 1278 dicit
1495 1245 1550 1287 [at
1587 1254 1678 1280 num

90 1306 181 1332 vere
204 1295 260 1332 ita
283 1295 478 1342 scripserit
501 1296 703 1342 Asconius,
728 1307 806 1333 non
831 1296 885 1333 ita
910 1299 1057 1334 certum
1081 1299 1150 1334 est.
1178 1298 1309 1343 Dess.].
1355 1298 1540 1336 Videntur
1565 1300 1679 1346 igitur

90 1353 300 1390 nonnullae
331 1353 471 1390 civium
502 1353 678 1390 coloniae
709 1354 748 1390 in
782 1354 1013 1391 oblivionem
1042 1355 1209 1401 venisse,
1240 1366 1326 1391 cum
1350 1356 1509 1393 Latinas
1542 1367 1677 1394 omnes

89 1410 318 1448 noverimus.
349 1410 399 1446 At
415 1411 732 1457 septuagenarius
748 1422 931 1448 numerus
955 1411 1038 1448 sine
1064 1413 1177 1449 dubio
1203 1413 1345 1451 nimius
1370 1416 1439 1450 est.
1473 1415 1546 1450 Mo.
1580 1415 1677 1451 Cen-

90 1467 209 1507 turias
239 1468 496 1515 septuaginta,
528 1469 574 1504 35
604 1469 814 1515 seniorum,
849 1470 895 1506 35
927 1470 1128 1516 iuniorum,
1160 1470 1184 1506 8
1207 1471 1394 1517 urbanas,
1424 1473 1471 1508 62
1501 1473 1677 1518 rusticas,

90 1535 250 1572 quarum
273 1525 388 1562 binae
413 1525 551 1562 tribum
576 1526 807 1572 efficiebant,
833 1538 919 1563 cum
945 1528 1105 1565 coloniis
1130 1539 1198 1574 per
1221 1539 1387 1565 errorem
1419 1533 1677 1568 commutatas

89 1593 226 1619 ansam
251 1582 401 1620 dedisse
425 1583 573 1620 censuit
590 1584 681 1620 Cav.
776 1587 831 1620 28
855 1584 961 1621 Intra
977 1585 1146 1621 eiusdem
1163 1586 1342 1622 vocabuli
1360 1587 1542 1624 ambitum
1560 1589 1677 1634 gemi-

87 1640 195 1676 natio
218 1639 408 1677 sibilantis
430 1633 634 1686 praecipue
660 1643 750 1677 ante
775 1645 910 1679 tenues
938 1645 976 1678 et
1000 1642 1188 1688 aspiratas
1213 1644 1460 1696 perfrequens
1491 1647 1550 1681 est
1573 1646 1678 1682 omni

89 1699 219 1734 aetate
242 1697 284 1734 in
305 1697 483 1733 omnibus
507 1697 692 1734 Graeciae
716 1698 946 1744 regionibus.
994 1699 1124 1746 Neque
1148 1701 1285 1736 mirum
1309 1700 1411 1737 idem
1434 1701 1474 1737 in
1500 1702 1676 1739 confiniis

84 1754 362 1791 vocabulorum
380 1754 563 1801 accidere,
588 1756 815 1801 praesertim
840 1757 878 1792 in
895 1757 963 1793 illa
981 1757 1198 1802 arctissima
1215 1758 1428 1795 conexione
1445 1769 1543 1804 quae
1559 1759 1675 1795 inter-

88 1811 189 1848 cedit
210 1811 311 1848 inter
333 1812 658 1858 praepositionem
683 1815 722 1849 et
746 1813 968 1850 articulum..
1091 1818 1145 1852 29
1171 1814 1366 1862 Philippus
1397 1827 1443 1852 eo
1471 1820 1574 1853 anno
1600 1827 1675 1863 quo

85 1869 183 1905 haec
217 1868 380 1915 epistula
410 1870 552 1915 scripta
583 1872 641 1906 est
672 1873 759 1915 (not.
777 1871 832 1915 31)
858 1870 1102 1917 Apolloniam
1133 1872 1274 1909 frustra
1307 1874 1508 1919 temptavit
1536 1873 1674 1919 (Livius

85 1924 202 1963 XXIV
217 1926 274 1971 40,
297 1927 342 1971 2),
379 1926 518 1963 deinde
547 1927 659 1964 Orico
692 1928 834 1973 potitus
868 1930 926 1965 est
962 1929 1159 1973 (ibid.§3).
1212 1930 1288 1966 Sed
1314 1931 1361 1967 M.
1378 1931 1551 1967 Valerius
1587 1941 1674 1967 cum

85 1983 211 2019 classe
233 1984 412 2020 Romana
440 1984 548 2020 brevi
575 1984 755 2031 oppidum
780 1986 1074 2032 recuperavit-&1
1086 1987 1130 2032 6),
1157 1987 1293 2023 deinde
1319 1990 1448 2024 castra
1471 1988 1577 2035 regia
1604 1989 1674 2025 im-
1728 2031 1730 2034 ¹

84 2039 245 2085 proviso-
270 2041 426 2078 adortus
454 2043 641 2088 oppressit
666 2053 872 2090 regemque
907 2043 946 2080 in
974 2044 1240 2081 Macedoniam
1272 2056 1315 2082 se
1346 2046 1516 2092 recipere
1549 2048 1675 2092 coegit

85 2100 118 2141 (5
134 2097 294 2142 11-17).
325 2099 434 2134 Hanc
450 2102 586 2135 contra
601 2100 800 2136 Romanos
819 2101 1100 2146 expeditionem
1117 2101 1157 2137 in
1173 2102 1310 2139 litteris
1326 2103 1534 2150 significari
1551 2104 1673 2140 mani—

84 2153 224 2190 festum
248 2157 318 2191 est.
423 2158 476 2192 30
502 2157 622 2203 μέντον
648 2158 688 2193 L.
707 2158 813 2194 Cohn
837 2159 962 2194 Herm.
979 2159 1077 2195 XVII
1093 2160 1162 2195 645
1187 2159 1356 2196 defendit
1379 2171 1598 2206 provocans
1624 2161 1673 2197 ad

84 2209 324 2248 Heraclidem
348 2214 643 2259 grammaticum
671 2215 774 2260 apud
797 2215 1036 2252 Eustathium
1062 2227 1198 2253 comm.
1216 2217 1324 2254 Hom.
1340 2218 1381 2254 Il.
1398 2230 1432 2264 p.
1451 2219 1530 2263 722,
1546 2218 1608 2254 58;
1633 2220 1672 2254 τὸ

86 2267 124 2302 δὲ
147 2263 196 2303 ὀὐ
224 2269 286 2314 μέν
310 2269 376 2316 θην
400 2271 548 2317 κάμετόν
565 2271 613 2319 γε’
630 2271 680 2317 (Θ,
696 2271 776 2316 448)
802 2272 891 2308 οὕτω
917 2275 979 2319 μὲν
1003 2275 1239 2321 γεγραμμένον
1264 2282 1383 2323 σαφῶς
1409 2277 1492 2325 ἔχει.
1541 2277 1610 2311 ἔστι
1634 2277 1671 2311 δὲ

83 2324 143 2358 καὶ
173 2323 323 2371 ἑτεροίας
354 2327 522 2367 ἐκδόσεως
549 2330 663 2375 γραφὴ
691 2329 923 2370 ὑποδύσκολος
952 2328 1029 2366 καθ’
1048 2329 1279 2380 Ἡρακλείδην
1313 2332 1419 2379 αὕτη·
1450 2334 1488 2368 οὐ
1522 2334 1670 2379 μέντον

84 2380 233 2426 κάμετόν
257 2393 306 2428 γε.
321 2384 441 2418 -καὶ
466 2384 537 2418 ἔστι
559 2381 629 2419 κατ’
656 2386 756 2421 αὐτὸν
780 2387 818 2420 τὸ
844 2387 883 2421 οὐ
909 2388 1029 2433 μέντον
1053 2385 1206 2435 Ἀργείων
1238 2390 1297 2424 καὶ
1321 2388 1470 2435 Κρητῶν
1502 2390 1670 2436 γλώσσης,

86 2437 120 2472 οἳ
142 2437 310 2477 πολλάκις
335 2438 554 2485 ἐξαιροῦντες,
581 2453 675 2486 φησι,
699 2443 739 2476 τὸ
757 2455 767 2475 ι
785 2442 979 2478 ἐντάττουσι
1002 2445 1040 2478 τὸ
1056 2457 1087 2487 ν,
1111 2446 1175 2490 τὴν
1193 2446 1241 2484 εἰς
1257 2446 1418 2491 πρόθεσιν
1436 2447 1490 2484 ἐνς
1514 2446 1671 2493 λέγοντες

83 2495 143 2530 καὶ
164 2495 205 2530 τὸ
226 2494 331 2535 τιθεὶς
353 2493 477 2539 τιθένς,
503 2495 553 2535 οἷς
578 2496 696 2542 ὅμοιον
719 2498 778 2532 καὶ
800 2499 839 2533 τὸ
857 2499 982 2533 σπείδω
1000 2501 1132 2534 σπένδω
1149 2502 1206 2535 καὶ
1222 2502 1260 2536 τὸ
1277 2502 1316 2536 οὐ
1341 2502 1458 2547 μέντοι
1483 2502 1522 2536 οὐ
1548 2502 1668 2547 μέντον

82 2552 142 2587 καὶ
163 2553 203 2588 τὸ
226 2551 291 2588 αἰεὶ
315 2552 399 2588 αἰέν.
434 2551 574 2588 Σικελοὶ
591 2553 717 2599 μέντοι,
735 2553 845 2601 φησιν,
872 2554 1018 2600 ἔμπαλιν
1036 2557 1074 2591 τὸ
1093 2568 1104 2590 ι
1127 2556 1202 2591 ἀντὶ
1216 2561 1276 2592 τοῦ
1301 2570 1318 2591 ν
1334 2557 1492 2593 τάττουσι
1513 2559 1553 2594 τὸ
1572 2559 1668 2594 ἔνδον

83 2607 172 2644 ἕνδοι
194 2609 350 2658 λέγοντες
373 2609 397 2655 ἢ
425 2610 518 2645 ἐνδοῖ
540 2610 819 2658 περισπωμένως,
843 2612 902 2646 καὶ
911 2606 1068 2658 Ὅμηρος
1086 2613 1260 2662 εἰνάνυχες
1277 2613 1351 2650 ἀντὶ
1370 2619 1430 2650 τοῦ
1457 2615 1668 2666 ἐννεάνυχες.

84 2664 246 2702 Photius
278 2677 359 2703 s.v.
378 2666 507 2713 μέντοι·
537 2668 578 2703 τὸ
612 2668 650 2703 δὲ
679 2668 800 2713 μέντοι)
834 2668 1016 2716 βρβαρον,
1048 2670 1078 2704 εἰ
1112 2670 1205 2714 (cod.
1225 2667 1293 2716 ὧς,
1324 2682 1396 2708 em.
1418 2672 1579 2717 Dobree)
1607 2675 1668 2710 καὶ

82 2719 280 2770 Χρύσιππος
302 2729 438 2773 χρῆται.
487 2724 559 2770 Qui
582 2724 769 2760 sermonis
799 2735 891 2760 usus
916 2724 1124 2773 Chrysippo
1153 2728 1350 2774 tribuatur,
1380 2740 1469 2766 eum
1493 2730 1666 2778 Philippo

84 2787 233 2825 quoque
249 2780 330 2826 regi
345 2781 550 2818 convenire
566 2783 670 2818 recte
688 2784 819 2817 monet
836 2782 875 2818 C.
911 2782 966 2819 Cf.
984 2785 1105 2829 μέντον
1122 2796 1159 2820 n.
1174 2785 1283 2830 593⁷;
1306 2787 1486 2833 μ[έν]τοινε
1502 2788 1528 2824 Ι.
1540 2789 1666 2835 Magn.

83 2834 179 2879 1744.
218 2837 320 2872 Kern
348 2848 408 2884 ap.
425 2837 561 2875 Solms.
578 2839 628 2875 l.l.
801 2841 851 2874 31
885 2840 1018 2877 Mense
1044 2841 1140 2878 Iulio
1168 2844 1230 2879 vel
1253 2844 1426 2890 Augusto
1459 2856 1493 2882 a.
1509 2847 1589 2882 214.

142 2894 198 2928 82
228 2893 283 2929 De
318 2895 543 2943 ὑστερομηνία
579 2907 611 2932 ε.
629 2907 688 2942 qu.
711 2896 795 2932 XXI
820 2897 963 2934 mensis
999 2898 1058 2934 die
1088 2900 1135 2935 cf.
1159 2900 1328 2938 Bischoff
1355 2902 1481 2948 Leipz,
1506 2903 1609 2940 Stud.
1634 2904 1667 2940 X

1608 3019 1661 3061 21
