2040 3216
69 237 151 275 m
532 237 808 284 Philopoemen
831 238 1047 284 Spartanos
1067 239 1199 276 vincit.
1497 244 1606 290 19812
1620 255 1656 281 a.

158 382 389 420 lauimus
405 382 684 420 Antiochum
702 381 921 427 nagnam
938 383 1181 428 honorant,
1202 393 1296 422 ma.
1318 380 1472 437 luiso.
1502 385 1565 423 Or.
1580 387 1661 424 237.

156 503 270 548 6⁰⁰.
298 509 473 547 mites
499 509 875 548 Iantinienaium
902 510 1126 548 victoriae
1157 514 1504 550 monumentum
1533 513 1663 551 dedi·

70 569 197 613 eant,
227 577 274 605 ι.
295 562 443 619 leals.
490 566 724 613 nautium,
748 577 851 603 nunc
874 566 971 604 Piali
993 567 1166 615 (Tegeae)
1195 568 1236 605 in
1258 569 1404 606 naseu.
1451 570 1600 607 Titulus
1622 571 1663 606 in

68 623 195 662 latera
222 624 298 661 tria
326 623 488 669 divisus,
519 623 724 661 adversum
747 637 784 671 a,
812 624 881 661 ubi
910 625 1070 662 uomina
1099 628 1178 662 tres
1205 626 1407 663 columnas
1432 627 1565 671 (l—m)
1595 638 1662 664 ca-

69 680 193 728 piunt,
215 680 411 718 sinistrum
431 682 464 727 b,
488 681 663 718 dextrum
683 694 713 718 c.
760 681 923 719 Inferior
944 693 1035 729 pars
1060 682 1220 720 desecta
1244 686 1314 720 est.
1361 683 1455 720 de.
1471 684 1664 731 Fougeres

69 737 165 775 nun.
180 738 275 775 nen.
290 738 360 776 XX
374 737 478 784 1896,
493 739 574 786 136,
596 739 644 776 12
666 742 705 775 et
727 750 764 786 p.
780 739 851 776 1oe
874 739 998 786 (Syll.²
1010 740 1099 785 274;
1123 740 1262 778 Michel
1285 741 1406 787 1oe5);
1429 741 1480 779 16
1495 742 1528 779 V
1541 742 1576 787 2,
1591 742 1663 779 293

71 794 214 843 (imago
236 796 317 833 tab.
330 795 400 841 vl).
447 795 502 833 cf.
518 796 632 832 Riese
655 796 793 834 Gesch.
810 796 939 834 11684.
1539 799 1619 845 [Hs]

21 877 52 907 a
71 864 139 909 ἐπὶ
166 869 393 924 στραταγοό
419 871 500 910 τῶν
528 865 701 925 Ἀχαιῶν
721 866 1015 924 ocima-m<
1033 868 1080 912 τὸ
1097 869 1315 926 τέτα[ρ]τυν
1330 870 1365 924 l,
1387 869 1660 914 ἀποτελείουῖ

166 998 186 1033 1
213 997 259 1034 A.
274 996 384 1044 laelss
398 997 674 1044 Philopoemen
698 1001 876 1045 quartum
899 1001 1056 1045 praetor
1068 999 1315 1036 Achaeorum
1339 999 1419 1037 fuit.
1467 1000 1548 1036 Iam
1573 1010 1661 1037 cum

69 1053 192 1091 Nabis
214 1053 401 1100 Gytheum
425 1058 675 1102 oppugnaret,
698 1055 941 1092 Achaeorum
964 1057 1041 1101 ira,
1071 1056 1294 1102 priusquam
1322 1057 1440 1102 legati
1470 1068 1519 1094 ea
1547 1057 1596 1093 de
1618 1068 1662 1094 re

70 1111 237 1148 Romam
259 1111 368 1149 m'nsi
390 1113 573 1158 redirent,
604 1113 646 1148 in
668 1112 809 1149 bellum
841 1113 965 1159 erupit
988 1113 1286 1159 Philopoemene
1316 1113 1356 1150 in
1388 1116 1582 1150 conventu
1605 1114 1663 1150 Si-

69 1179 196 1214 cyone
217 1169 352 1206 habito
373 1170 562 1206 suadente
577 1169 743 1216 quidem,
766 1170 974 1206 utiliorum
989 1170 1151 1206 reditum
1172 1170 1447 1216 opperirentur,
1470 1171 1542 1208 sed
1555 1171 1665 1208 haud

71 1226 251 1273 ambigue
272 1229 406 1263 tamen
429 1226 686 1273 significante,
719 1238 763 1263 se
785 1237 919 1263 morae
949 1227 1215 1273 impatientem
1239 1238 1337 1264 esse.
1385 1228 1495 1275 Quod
1517 1228 1662 1265 bellum

71 1293 162 1319 cnm
184 1283 308 1330 primo
330 1284 430 1320 mari
450 1284 569 1320 homo
585 1285 708 1320 Arcas
730 1286 769 1320 et
791 1285 848 1320 rei
863 1284 1017 1321 navalis
1031 1284 1337 1330 imperitissimus
1351 1284 1555 1322 infeliciter
1576 1295 1663 1332 ges-

68 1341 195 1386 sisset,
218 1340 357 1378 deinde
378 1343 483 1378 terra
505 1341 620 1377 rebus
643 1340 795 1388 egregie
825 1340 943 1387 gestis
972 1341 1050 1378 hoc
1076 1341 1363 1378 incommodum
1393 1342 1661 1388 compensavit

70 1408 120 1434 ac
141 1397 308 1444 denique
328 1397 479 1434 Nabide
508 1398 550 1434 in
578 1397 719 1444 oppido
742 1398 884 1444 Sparta
911 1398 1061 1435 incluso
1091 1401 1249 1445 totaque
1279 1402 1383 1436 terra
1414 1410 1484 1446 per
1504 1399 1663 1446 triginta

70 1454 155 1492 dies
177 1455 386 1492 devastata
406 1454 531 1492 victor
552 1455 709 1492 domum
730 1455 841 1492 rediit
856 1455 946 1500 (Liv.
962 1455 1095 1493 XXXV
1109 1456 1271 1501 25—301.
1315 1458 1421 1503 Quas
1442 1468 1507 1494 res
1529 1460 1662 1503 gestas

70 1513 141 1549 tali
161 1514 415 1549 monumento
438 1512 654 1550 dedicando
679 1523 817 1549 ansam
841 1514 1027 1559 praebere
1050 1514 1223 1560 potuisse
1245 1524 1371 1560 neque
1386 1514 1555 1551 defuisse
1578 1525 1661 1550 ma-

71 1569 199 1607 nibias
220 1580 269 1606 ex
291 1570 429 1616 quibus
450 1570 491 1606 id
514 1570 775 1615 conficeretur,
799 1573 936 1616 sponte
965 1573 1084 1616 patet.
1122 1571 1179 1607 Ac
1203 1574 1335 1607 tamen
1358 1572 1400 1608 F.
1424 1571 1548 1608 uoluit
1568 1571 1659 1607 illuc

70 1627 214 1664 reterre
234 1627 386 1664 titulum
410 1637 497 1663 cum
522 1628 614 1674 quia
630 1639 667 1664 a.
683 1628 752 1663 192
768 1627 1012 1664 Cretensibus
1028 1628 1261 1674 praefuisset
1276 1628 1546 1665 Telemnastus
1569 1628 1660 1673 (Liv.

69 1684 172 1721 XXX
186 1685 244 1730 29,
259 1686 306 1731 1),
337 1695 428 1722 cum
455 1685 521 1721 hic
542 1696 579 1721 v,
595 1685 641 1720 27
674 1685 892 1731 Ocymenes
920 1685 1086 1731 primum
1116 1685 1218 1722 inter
1245 1696 1314 1722 eos
1341 1685 1471 1722 locum
1501 1688 1660 1730 teneret,

71 1745 153 1779 tum
176 1742 270 1789 quia
290 1742 387 1780 nihil
408 1742 658 1779 memorabile
690 1754 725 1779 a.
742 1743 813 1779 192
836 1743 1058 1780 nantineae
1090 1746 1158 1780 aut
1188 1742 1230 1779 in
1253 1743 1337 1779 eius
1364 1742 1495 1789 oppidi
1516 1742 1659 1780 vicinia

72 1802 223 1846 gestum
245 1802 360 1837 esset.
407 1801 533 1847 Quare
561 1800 697 1836 maluit
725 1800 774 1836 de
804 1800 951 1846 proelio
980 1811 1016 1836 a.
1033 1800 1101 1836 wi
1131 1800 1209 1836 illic
1232 1800 1531 1846 Philopoemene
1561 1800 1659 1836 duce

73 1857 279 1894 commisso
300 1857 553 1903 mterpretari,
577 1868 653 1904 quo
674 1857 931 1894 Machanidas
952 1857 1349 1894 Lacedaemoniorum
1376 1860 1567 1903 tyrannus
1594 1867 1660 1893 su-

72 1917 229 1962 peratus
251 1916 292 1951 et
312 1916 463 1951 occisus
486 1917 556 1951 est.
588 1915 704 1961 Atqui
724 1915 808 1960 ipse
824 1915 1015 1960 concedit,
1030 1918 1183 1961 praeter
1200 1925 1322 1951 unum
1337 1914 1481 1951 Simiae
1503 1925 1659 1958 nomen,

4 2000 6 2007 ,
74 1982 189 2019 quem
210 1974 343 2009 tamen
364 1971 447 2018 ipse
472 1983 507 2007 a.
523 1972 593 2008 192
614 1971 753 2008 iterum
777 1972 949 2008 ordinem
974 1971 1127 2008 duxisse
1144 1974 1305 2008 coactus
1321 1971 1501 2008 concedit
1516 1973 1606 2016 (not.
1621 1973 1656 2015 4)

6 2030 9 2079 ξ
72 2029 168 2065 nihil
189 2029 255 2065 hic
269 2028 573 2074 commemorari,
597 2029 700 2075 quod
716 2029 767 2065 ad
781 2029 875 2065 illud
891 2030 1132 2075 potissimum
1149 2031 1347 2065 certamen
1364 2031 1524 2074 spectet.
1557 2028 1657 2064 Nam

7 2085 11 2137 '3
71 2096 199 2132 neque
213 2085 444 2122 Aristaeneti
457 2086 618 2132 Dymaei
635 2086 776 2132 (Polyb.
793 2086 844 2122 XI
859 2088 915 2131 11,
931 2087 976 2131 7),
994 2086 1182 2132 Polyaeni
1198 2085 1495 2132 Cyparissiensis
1516 2085 1659 2131 (Polyb.

9 2143 19 2192 ’μ
72 2143 125 2180 XI
139 2143 197 2189 18,
211 2144 258 2188 2),
280 2143 428 2189 Polybii
441 2143 755 2189 Megalopolitani
772 2143 914 2190 (Polyb.
930 2143 980 2179 XI
995 2145 1053 2187 15,
1068 2145 1102 2188 5)
1126 2144 1269 2180 ducum
1285 2143 1445 2180 nomina
1467 2143 1532 2179 hic
1555 2153 1659 2179 com·

72 2203 225 2246 parent,
247 2210 375 2246 neque
389 2201 694 2246 Tarentinorum,
718 2200 819 2246 quod
835 2212 958 2246 genus
981 2201 1149 2247 equitum
1174 2212 1260 2237 esse
1285 2204 1419 2237 notum
1443 2202 1503 2236 est
1517 2200 1659 2245 (Polyb.

2 2292 4 2295 ,
72 2257 124 2293 XI
142 2257 202 2303 12,
220 2258 257 2294 ὅ.
277 2258 324 2302 7),
358 2268 483 2304 neque
516 2258 731 2304 Illyriorum
766 2258 910 2303 (Polyb.
926 2258 977 2294 XI
992 2259 1049 2303 11,
1071 2260 1106 2294 4.
1130 2259 1187 2303 14,
1204 2260 1237 2301 1)
1272 2258 1417 2295 mentio
1453 2259 1507 2294 fit.
1552 2257 1659 2293 Haec

6 2343 7 2365 ζ
74 2314 207 2350 omnia
227 2314 387 2350 nomina
409 2314 449 2350 in
471 2315 652 2351 inferiore
673 2315 814 2360 lapidis
844 2319 955 2360 parte
986 2316 1142 2360 periisse
1173 2316 1309 2352 statuit
1332 2316 1384 2359 F.‚
1415 2326 1495 2350 non
1519 2315 1659 2359 inepte,

6 2373 8 2377 ’
73 2370 282 2407 dummodo
299 2371 453 2406 aliunde
468 2374 666 2408 constaret
686 2375 976 2407 monumentum
992 2372 1126 2416 proelii
1142 2372 1412 2408 Hantiniensis
1431 2372 1496 2406 hic
1516 2370 1659 2406 haberi.

73 2428 125 2464 At
145 2437 331 2473 perquam
353 2427 601 2463 memorabile
626 2430 703 2473 est,
727 2428 983 2473 Cretensium,
1012 2429 1077 2473 qui
1099 2429 1163 2464 hic
1185 2439 1223 2463 v.
1237 2428 1376 2473 26sqq.
1398 2429 1659 2470 recensentur,

71 2486 115 2521 in
137 2481 252 2521 rebus
274 2483 499 2519 militaribus
522 2484 616 2519 anni
639 2485 707 2520 192
730 2485 1040 2530 perfrequentem
1064 2496 1152 2520 esse
1174 2485 1412 2526 memoriam,
1436 2484 1477 2518 in
1501 2492 1660 2518 accura-

73 2542 224 2579 tissima
244 2551 337 2577 vero
360 2541 495 2586 proelii
508 2540 774 2576 Mantiniensis
797 2541 1052 2586 descriptione
1075 2541 1290 2585 Polybiana
1312 2541 1471 2584 nullam,
1493 2539 1534 2575 id
1556 2540 1674 2588 quod(

74 2609 191 2636 nemo
214 2598 268 2635 ad
288 2609 436 2634 merum
460 2608 595 2633 casum
618 2597 759 2633 referet
780 2598 1004 2642 praesertim
1028 2598 1062 2633 si
1083 2598 1317 2643 reputaverit
1345 2607 1392 2632 eo
1417 2596 1521 2642 quod
1543 2597 1660 2632 inter·-

73 2657 214 2693 ieetum
238 2658 322 2693 erat
344 2658 514 2700 tempore
537 2654 838 2700 Philopoemena
860 2666 929 2700 per
952 2654 1098 2700 aliquot
1124 2665 1249 2690 annos
1270 2653 1312 2689 in
1334 2653 1401 2690 illa
1422 2653 1554 2690 insula
1574 2664 1659 2689 ver-

74 2716 205 2750 satum
227 2724 325 2750 esse.
370 2713 495 2759 Atque
518 2715 562 2748 ut
590 2712 687 2748 haec
712 2712 844 2747 omnia
865 2712 1011 2747 leviora
1042 2722 1150 2757 esse,
1182 2711 1285 2757 quod
1315 2721 1434 2756 nego,
1461 2713 1594 2747 tamen
1616 2711 1659 2747 in

73 2771 295 2816 praesentia
315 2771 467 2816 largiar,
491 2770 575 2816 quis
597 2769 756 2806 tandem
780 2768 927 2814 credet,
958 2769 993 2804 si
1015 2769 1288 2814 Philopoemen
1318 2778 1407 2804 cum
1429 2768 1658 2804 commilito·

75 2827 188 2864 nibus
209 2828 368 2874 integris
392 2828 513 2863 trihus
534 2827 667 2863 lustris
682 2828 771 2872 post
784 2836 866 2861 rem
882 2828 1030 2871 gestam
1044 2828 1336 2862 monumentum
1352 2825 1546 2871 erexisset,
1568 2836 1657 2862 eum

73 2884 261 2921 victoriae
283 2885 477 2930 quondam
500 2887 720 2930 reportatae
744 2884 784 2919 in
808 2883 918 2918 titulo
935 2882 1168 2919 dedicatorio
1183 2893 1235 2919 ue
1247 2883 1368 2919 verbo
1384 2882 1533 2930 quidem
1549 2894 1659 2919 meu-

75 2942 222 2978 tionem
243 2941 437 2978 facturum
459 2941 604 2978 fuisse?
644 2941 693 2977 Ut
716 2940 829 2986 igitur
853 2939 904 2975 ad
926 2950 988 2975 res
1012 2950 1046 2976 a.
1063 2939 1133 2975 192
1155 2942 1287 2986 gestas
1310 2939 1459 2976 titulum
1482 2942 1659 2986 spectare

1332 2996 1380 3032 9⁸

1571 3053 1654 3096 131
