2040 3216
370 202 449 238 747.
883 203 941 239 SC
966 203 1013 238 de
1037 203 1295 248 Amphiaraio.
1344 203 1461 239 Sulla.
1861 206 1907 243 73
1924 217 1958 243 a.

485 345 611 385 ταῦτα
642 342 739 399 ὑπὲρ
769 341 994 400 τῆςΙνίκης
1029 341 1099 385 καὶ
1135 347 1206 399 τῆς
1235 344 1453 400 ἡγεμονίας
1488 346 1559 386 τοῦ
1597 345 1728 400 δήμου
1762 347 1833 387 τοῦ
1855 342 1961 387 Ῥω-

299 415 345 451 50
486 412 615 467 μαίων
638 412 935 454 συντελέσουσιν
945 412 1014 466 43,
1033 410 1042 469 Ι
1059 411 1170 460 ἐκτὸς
1193 412 1325 468 ἀγρῶν
1346 415 1427 454 τῶν
1444 408 1708 470 Ἑρμοδώρου
1724 410 1959 471 Ὀλυνπίχου

486 481 585 534 υἱοῦ,
621 481 759 537 ἱερέως
779 477 1039 537 Ἀμφιαράου,
1072 483 1143 523 τοῦ
1162 480 1166 537 Ι
1186 478 1256 523 διὰ
1287 481 1424 529 τέλους
1455 483 1497 524 ἐν
1518 487 1568 538 τῇ
1600 482 1717 539 φιλίᾳ
1737 485 1808 524 τοῦ
1829 483 1958 539 δήμου

483 552 553 591 τοῦ
575 546 794 605 Ῥωμαίων
827 550 1167 606 μεμενηκότος44.

306 616 343 659 C
365 617 457 674 περὶ
495 617 649 675 τούΙτου
687 621 758 660 τοῦ
794 616 1030 675 πράγματος
1069 619 1201 674 δόγμα
1243 620 1465 675 συνκλήτου
1503 618 1570 661 ἐπὶ
1609 619 1782 662 Λευκίου
1820 619 1957 663 Σύλλα
1972 628 2040 666 α.8

365 683 673 744 Ἐπαφροδίτου,
694 686 699 744 Ι
718 685 891 729 Κοΐντου
915 685 1122 730 Μετέλλου
1143 686 1345 744 Εὐσεβοῦς
1373 686 1593 730 ὑπάτων45
1615 688 1958 746 ἐπικεκυρωμένον

370 757 540 798 δοκεῖ46
570 754 687 809 εἶναι,
711 754 832 812 Ιὸπερ
853 758 879 812 ἡ
904 755 1119 812 σύνκλητος
1139 755 1398 812 ἐδογμάτισεν
1420 757 1478 805 εἰς
1498 757 1660 804 τούτους
1679 755 1771 804 τοὺς
1795 758 1957 814 λόγους·

297 829 344 863 55
483 826 562 867 ὅσα
591 841 633 866 τε
664 825 766 868 {leot
782 823 791 881 Ι
807 822 1060 881 Ἀμφιαράωι
1089 823 1158 866 καὶ
1187 828 1261 866 τῶι
1284 825 1380 881 ἱερῷ
1402 825 1524 868 αὐτοῦ
1545 825 1715 873 Λεύκιος
1734 824 1957 883 Κορνήλιος

484 893 642 940 Σύλλας
680 892 758 934 ἀπὸ
801 891 1340 950 συ(μ)βουλίου471γνώμης
1374 894 1621 950 προσώρισεν
1663 895 1955 951 συνεχώρησεν,

483 959 533 1003 τὰ
566 958 670 1004 αὐτὰ
702 963 727 1017 ἡ
763 961 980 1017 σύνκλητος
1010 961 1157 1004 τούτωι
1185 965 1259 1004 τῶι
1290 961 1606 1018 θεῶιΙδοθῆναι
1642 963 1958 1020 συνχωρηθῆναι

483 1031 679 1087 ἡγήσατο.

368 1102 408 1142 ἐν
439 1103 514 1142 τῶι
545 1100 795 1157 συμβουλίωι
823 1103 1011 1156 παρῆσαν
1031 1098 1036 1156 Ι
1054 1100 1092 1141 οἱ
1125 1099 1238 1141 αὐτοὶ
1257 1098 1299 1142 Αοἳ
1324 1100 1376 1155 ἐμ
1395 1098 1642 1157 πραγμάτων
1666 1101 1956 1158 συμβεβουλευ-

369 1169 497 1224 μένων
531 1169 676 1210 δέλτωι
705 1168 874 1224 πρώτηι,
894 1166 898 1225 Ι
917 1169 1128 1224 κηρώματι
1157 1167 1669 1225 τεσσαρεσκαιδεκάτωι48.

456 1302 511 1335 43
543 1299 597 1335 Cf.
624 1298 732 1344 ΞΥΙΙ.2
753 1298 875 1342 676ῃε
911 1297 1102 1346 Ἀμφιάρᾳα
1129 1300 1188 1334 καὶ
1213 1297 1375 1345 Ῥωμαῖα
1409 1300 1453 1334 τὰ
1486 1300 1649 1347 τιθέμενα
1683 1300 1749 1335 ὑπὸ
1776 1299 1954 1346 Ὠρωπίων

364 1358 487 1404 ἄνδρας
515 1357 644 1392 ἵππιον.
696 1356 744 1392 IG
761 1355 823 1391 VII
838 1355 947 1399 4194:
984 1357 1282 1404 ἀγωνοθετοῦντος
1314 1363 1382 1391 τῶν
1411 1349 1639 1404 ἈμφιΙαρᾴων
1668 1358 1728 1393 καὶ
1761 1353 1952 1403 Ῥωμαίων.

364 1414 458 1457 4202
481 1414 775 1461 ἀγωνοθετοῦντος
806 1414 849 1448 τὰ
872 1411 1084 1461 Ἀμφι[ά]ρᾳα
1116 1414 1175 1448 καὶ
1197 1410 1368 1459 Ῥωμαῖα.
1417 1413 1503 1449 Non
1534 1413 1650 1459 igitur
1679 1414 1887 1460 separatim
1914 1414 1955 1450 hi

364 1471 443 1507 ludi
464 1470 631 1506 Romani
656 1470 854 1506 constituti
877 1472 966 1505 sunt
991 1470 1059 1505 sed
1084 1480 1169 1505 cum
1193 1470 1470 1516 antiquioribus
1493 1470 1826 1516 Amphiaraiorum
1849 1470 1953 1507 feriis

365 1528 570 1564 coniuncti.
671 1530 726 1563 44
751 1527 804 1563 Cf.
822 1529 901 1563 not.
918 1527 974 1563 25.
1077 1530 1131 1562 45
1155 1527 1198 1563 A.
1215 1527 1272 1563 80.
1320 1527 1374 1563 De
1400 1525 1547 1564 Graeco
1571 1528 1702 1564 Sullae
1726 1528 1951 1574 cognomine

365 1585 412 1621 cf.
429 1585 527 1621 Plut.
545 1585 636 1620 Sull.
652 1585 698 1620 34
734 1586 833 1624 αὐτὸς
864 1586 901 1620 δὲ
931 1590 1003 1624 τοῖς
1018 1584 1170 1632 ‘'EM-qm
1201 1587 1341 1633 γράφων
1369 1586 1428 1621 καὶ
1456 1586 1677 1634 χρηματίζων
1702 1587 1824 1621 ἑαυτὸν
1845 1583 1951 1622 Ἔπα-

365 1644 521 1690 φρόὸιτον
546 1644 752 1690 ἀνηγόρευε·
775 1643 834 1678 καὶ
857 1639 932 1688 παρ’
959 1643 1044 1688 ἡμῖν
1070 1642 1343 1686 (Chaeroneae)
1369 1642 1405 1677 ἐν
1430 1647 1504 1682 τοῖς
1526 1643 1701 1689 τροπαίοις
1731 1642 1840 1682 οὕτως
1870 1643 1951 1679 ἀνα-

362 1702 550 1746 γέγραπται
573 1699 719 1739 Λεύκιος
750 1698 943 1746 Κορνήλιος
969 1699 1102 1738 Σύλλας
1125 1697 1386 1748 Ἐπαφρόδιτος.
1435 1699 1608 1735 Occurrit
1630 1699 1747 1735 etiam
1770 1700 1811 1735 in
1835 1700 1948 1735 titulo

362 1756 568 1792 honorario
602 1756 694 1792 item
727 1756 867 1801 Oropio
899 1756 947 1792 IG
970 1756 1125 1792 V11264
1161 1756 1179 1791 ὁ
1217 1758 1327 1804 δῆμος
1363 1755 1539 1801 Ὠρωπίων
1571 1756 1719 1792 Λεύκιον
1755 1756 1948 1804 Κορνήλιον

363 1814 509 1849 Λευκίου
534 1815 607 1849 υἱὸν
625 1813 757 1849 Σύλλαν
782 1813 1042 1860 Ἐπαφρόδιτον,
1065 1815 1123 1848 τὸν
1150 1814 1271 1849 ἑαυτοῦ
1296 1819 1434 1859 σωτῆρα
1457 1814 1515 1849 καὶ
1539 1814 1729 1861 εὐεργέτην,
1751 1810 1948 1860 Ἀμφιαράῳ

363 1873 400 1905 et
423 1870 463 1905 in
487 1870 622 1906 litteris
648 1870 696 1906 ab
720 1869 806 1917 ipso
832 1870 882 1905 ad
905 1869 1215 1905 Stratonicenses
1241 1869 1339 1905 datis
1364 1869 1424 1906 Or.
1442 1869 1523 1905 440.
1639 1873 1694 1906 48
1719 1870 1773 1906 Cf.
1795 1872 1876 1906 not.
1891 1870 1948 1906 37.

407 1928 461 1962 47
494 1930 762 1962 ΣΥΒΟΥΛΙΟΥ.
908 1929 963 1962 48
995 1927 1050 1962 De
1085 1927 1214 1962 Sullae
1248 1926 1409 1962 consilio
1440 1927 1540 1962 haec
1569 1927 1839 1972 interpretatur
1870 1925 1949 1972 Ba„

367 1994 523 2019 sumens
547 1983 695 2019 incuria
718 1983 907 2028 lapicidae
931 1984 1007 2019 huc
1030 1984 1194 2019 traiecta
1218 1994 1304 2020 esse
1329 1994 1415 2020 cum
1441 1984 1663 2020 debuissent
1684 1983 1803 2021 inseri
1823 1983 1950 2020 versui

359 2041 404 2076 51
423 2043 514 2077 ante
538 2040 658 2076 verba
682 2042 759 2087 περὶ
780 2041 902 2076 τούτου
926 2046 987 2076 τοῦ
1012 2043 1223 2089 πράγματος.
1263 2040 1323 2076 Ad
1340 2041 1486 2077 Sullam
1510 2041 1627 2078 etia-m
1643 2041 1949 2077 Wilamowitzius

361 2099 399 2133 et
415 2097 632 2134 Viereckius
655 2097 839 2143 referunt,
863 2098 1163 2143 transpositione
1181 2109 1277 2144 opus
1302 2109 1388 2134 esse
1411 2109 1491 2134 non
1515 2100 1666 2144 putant,
1691 2098 1781 2145 qnia
1802 2099 1842 2134 in
1865 2099 1947 2144 ipso

360 2155 697 2191 senatusconsulto
727 2155 838 2191 huius
863 2155 993 2196 Sullae
1018 2155 1168 2191 consilii
1190 2156 1333 2192 mentio
1362 2155 1469 2192 facta
1492 2156 1542 2191 sit
1564 2167 1600 2191 v.
1617 2156 1674 2192 55.
1712 2156 1791 2192 Hos
1814 2165 1947 2192 verum

357 2212 498 2249 vidisse
515 2212 796 2257 existimamus3
821 2213 940 2258 probe
958 2213 1068 2258 igitur
1084 2213 1345 2259 distinguendi
1362 2213 1492 2249 Sullae
1517 2212 1781 2249 commentarii
1805 2212 1869 2259 qui
1883 2213 1946 2248 hic

360 2272 399 2305 et
416 2270 618 2305 consulum
637 2269 731 2306 anni
747 2270 792 2305 73
809 2270 872 2315 qui
887 2281 922 2305 v.
937 2270 981 2306 31
1000 2272 1360 2306 commemorantur.
1399 2270 1658 2306 Mommsenus
1673 2270 1778 2306 hunc
1791 2279 1946 2306 versum

360 2326 410 2362 ad
431 2326 584 2362 illorum
610 2327 815 2363 consulum
841 2327 1043 2363 consilium
1068 2327 1214 2363 rettulit
1237 2330 1275 2362 et
1301 2328 1350 2363 ad
1374 2327 1577 2373 epistulam
1601 2338 1733 2363 eorum
1755 2326 1946 2372 pertinere

359 2384 549 2419 iudicavit.
590 2383 667 2419 Sed
690 2394 814 2429 neque
840 2385 1032 2430 quomodo
1056 2385 1157 2420 inter
1181 2385 1255 2420 duo
1280 2384 1539 2421 instrumenta
1570 2384 1756 2430 epistulae
1781 2384 1945 2429 adnexa,

359 2442 555 2477 decretum
584 2440 784 2477 consulum
814 2446 859 2485 (v.
882 2442 1020 2485 5-57)
1050 2441 1208 2477 dicimus
1243 2444 1282 2477 et
1310 2442 1686 2478 senatusconsultum
1715 2445 1761 2485 (v.
1782 2441 1943 2485 59-69)

357 2499 623 2543 interpositum
656 2499 731 2534 hoc
766 2509 887 2533 unum
920 2499 1162 2534 enuntiatum
1195 2499 1380 2544 epistulae
1412 2501 1559 2543 partem
1593 2498 1747 2534 efficere
1778 2499 1944 2544 potuerit

357 2555 617 2601 perspicimus,
642 2566 765 2601 neque
791 2566 858 2591 cur
881 2556 945 2601 qui
961 2567 997 2591 v.
1014 2556 1130 2591 6-16
1147 2556 1369 2601 singillatim
1387 2556 1600 2592 enumerati
1616 2557 1708 2592 sunt
1723 2554 1943 2601 conciliarii,

359 2612 419 2647 hic
442 2613 576 2647 iterum
601 2613 720 2648 multo
739 2612 959 2649 obscuriore
974 2613 1124 2649 ratione
1147 2613 1373 2649 indicentur.
1408 2613 1517 2658 Quod
1538 2614 1672 2649 contra
1695 2622 1764 2648 cur
1786 2613 1941 2658 longum

355 2668 481 2703 visum
506 2669 555 2704 sit
571 2669 700 2705 Sullae
727 2670 875 2705 consilii
897 2669 1062 2705 indicem
1081 2672 1203 2705 totum
1222 2680 1268 2705 ex
1292 2670 1374 2706 eius
1398 2670 1496 2705 actis
1518 2669 1803 2715 transscribere,
1827 2670 1942 2706 facile

355 2725 588 2769 perspicitur.
643 2728 824 2775 πράγματα
854 2728 1178 2774 συμβεβουλευμένα
1210 2729 1302 2762 sunt
1332 2728 1496 2763 consulta
1526 2727 1607 2762 sive
1635 2739 1694 2763 res
1722 2728 1765 2763 de
1793 2726 1942 2763 oomdw‘

355 2783 533 2818 sententia
561 2787 671 2827 actae,
705 2794 802 2829 quae
834 2784 1041 2829 separatim
1075 2784 1123 2820 ab
1156 2785 1210 2820 eis
1243 2785 1411 2828 decretis,
1444 2784 1580 2829 quibus
1610 2784 1755 2819 nullum
1785 2783 1940 2819 adhibe-

355 2837 467 2872 batur
492 2840 701 2884 consffium,
733 2840 950 2886 conscripta
980 2851 1064 2876 esse
1094 2841 1194 2877 haec
1222 2841 1306 2886 ipsa
1329 2840 1448 2876 verba
1478 2840 1628 2876 docent.
1675 2840 1716 2875 Id
1742 2839 1837 2875 vidit
1859 2840 1937 2882 Ba„

357 2893 418 2938 qui
451 2897 581 2929 monet
614 2896 667 2930 sic
701 2897 816 2932 etiam
850 2898 956 2941 alibi,
985 2900 1028 2933 ut
1060 2898 1191 2934 omnia
1218 2897 1317 2943 regis
1347 2900 1414 2933 aut
1440 2897 1687 2943 magistratus
1716 2898 1804 2932 acta
1835 2906 1938 2931 com-

355 3005 439 3048 432
