2040 3216
319 177 399 213 653.
863 175 1082 212 Cassander
1103 175 1317 212 Menesthei
1340 176 1364 212 f.
1693 178 1761 214 165
1773 189 1854 225 sqq.
1874 189 1909 215 a.

319 315 490 351 Alterum
515 315 732 360 exemplum
757 315 870 351 huius
888 314 1072 358 laterculi,
1098 315 1213 361 longe
1233 315 1340 351 aliter
1356 315 1555 351 redactum
1575 316 1730 363 aliisque
1748 317 1910 355 ethnicis

323 372 471 417 additis,
496 373 611 418 paulo
636 375 725 418 post
741 372 896 418 Delphis
920 372 1101 408 thesauro
1119 371 1278 422 Siphnio
1303 373 1528 418 inscriptum
1546 376 1614 419 est,
1641 374 1688 411 cf.
1705 375 1760 411 tit.
1775 375 1810 412 Β
1823 386 1910 412 cum

321 432 397 466 not.
420 430 501 466 init.
645 433 662 466 1
699 430 802 466 Idem
838 429 902 476 qui
934 429 1155 477 Κάσσανδρος
1188 429 1387 470 Μενεσθὲος
1420 430 1518 477 Τρὼς
1551 431 1618 467 ἀπὸ
1648 430 1909 480 Ἀλεξανδρείας,

319 498 513 533 proxenus
531 488 762 534 Delphorum
781 499 815 524 a.
833 487 956 534 16615,
973 499 1010 523 n.
1023 486 1093 523 585
1110 498 1163 533 pr.
1178 487 1222 523 17
1241 487 1437 531 (divinavit
1453 487 1574 534 Kuhn,
1591 489 1771 534 probavit
1786 490 1909 534 Dttb.).

320 546 524 582 Ethnicum
551 556 667 591 supra
699 546 808 581 deest
840 545 930 591 quia
962 545 1097 581 tabula
1127 545 1167 580 in
1197 545 1326 590 patria
1356 545 1440 580 eius
1472 546 1669 591 proposita
1701 549 1783 583 erat
1807 548 1909 593 (Cu.).

320 603 487 643 Incisam
518 613 605 639 eam
641 613 728 638 esse
763 604 851 648 post
887 602 1027 638 bellum
1058 602 1189 639 Persei
1222 602 1312 638 inde
1347 606 1524 649 apparet,
1562 604 1664 650 quod
1694 605 1910 651 Dorienses,

321 660 527 706 Aenianes,
551 660 663 696 Locri
687 660 895 696 orientales
917 659 980 695 hic
1005 662 1186 706 separata
1212 660 1260 696 ab
1278 659 1423 695 Aetolis
1441 661 1606 697 concilia
1621 661 1779 698 habent.
1813 661 1911 699 Nam

319 729 386 754 eos
418 729 487 754 c.a.
506 718 573 754 167
607 729 655 754 ex
691 717 878 753 societate
911 717 1131 753 Aetolorum
1169 717 1344 753 dimissos
1382 728 1466 754 esse
1503 719 1779 755 demonstravit
1810 720 1910 756 Dttb.

317 776 443 812 Herm.
455 776 589 811 XXXII
603 775 681 812 180.
717 774 926 812 Cassandri
945 774 1112 810 honores
1129 775 1244 820 plane
1261 774 1420 811 diversis
1437 775 1671 821 temporibus
1689 775 1910 820 (Aetolicum

321 844 358 869 n.
376 834 397 869 1
423 834 588 869 fortasse
614 835 706 868 ante
731 844 766 868 a.
785 833 863 876 167)
890 832 1065 868 decretos
1094 843 1178 868 esse
1202 832 1283 868 Nik.
1302 832 1481 878 coniecit,
1512 843 1637 879 neque
1662 833 1866 879 Delphicos
1889 835 1912 870 9

321 893 359 926 et
383 891 429 926 12
454 892 492 926 et
515 889 740 935 proxeniam
766 890 802 925 ei
825 900 906 925 una
929 890 1095 929 donatos
1128 899 1213 925 esse
1243 888 1335 935 quia
1365 891 1493 926 statua
1515 890 1539 926 9
1562 901 1648 927 sero
1680 891 1912 928 intercalata

320 948 505 983 videatur.
557 947 633 984 Sed
658 948 705 983 de
729 948 804 983 hac
829 947 982 993 quidem
1005 958 1046 983 re
1071 946 1234 983 iudicari
1258 957 1337 982 non
1362 956 1476 992 posse
1493 947 1567 984 nisi
1582 947 1750 994 imagine
1773 948 1913 995 lapidis

321 1005 426 1041 edita
450 1005 532 1051 ipse
558 1005 713 1050 fatetur,
740 1007 778 1040 et
803 1015 890 1040 cum
915 1015 1019 1040 nunc
1043 1004 1097 1040 tit.
1120 1004 1151 1041 Ο
1169 1003 1395 1049 proxeniam
1426 1003 1550 1050 ipsam
1580 1005 1621 1040 in
1652 1005 1736 1042 basi
1759 1007 1912 1043 statuae

322 1063 586 1099 Cassandreae
611 1063 861 1108 perscriptam
887 1062 1086 1098 contineat
1110 1072 1235 1108 neque
1259 1072 1428 1107 unquam
1453 1061 1503 1098 sit
1520 1062 1675 1108 factum,
1699 1065 1742 1099 ut
1766 1062 1821 1099 ibi
1844 1074 1912 1100 seu

323 1131 468 1157 corona
492 1131 562 1156 seu
586 1122 718 1156 statua
742 1119 826 1155 sine
850 1119 1039 1165 proxenia
1064 1119 1197 1156 addita
1221 1119 1530 1164 decernerentur,
1555 1120 1723 1166 Delphos
1746 1131 1824 1157 uno
1849 1121 1913 1157 de-

322 1180 428 1214 creto
462 1189 495 1214 a.
513 1178 623 1224 166s5
658 1177 762 1214 facto
792 1177 864 1213 hos
896 1179 972 1212 tres
1005 1178 1173 1214 honores
1203 1176 1409 1213 donavisse
1443 1176 1678 1220 (eneosdem
1708 1180 1786 1215 tres
1822 1189 1914 1215 con-

322 1237 471 1272 iunctos
496 1235 536 1271 in
551 1237 623 1272 titt.
642 1235 777 1280 Amph.
796 1246 833 1270 n.
846 1234 968 1279 54530,
994 1245 1028 1270 a.
1042 1235 1127 1279 213;
1153 1246 1188 1270 n.
1203 1235 1325 1279 55347,
1352 1245 1387 1270 a.
1401 1234 1470 1270 208
1478 1247 1486 1279 ;
1516 1234 1569 1270 tit.
1588 1235 1711 1272 Goett.
1731 1235 1795 1273 GA
1811 1236 1913 1281 1913,

324 1295 413 1339 176),
438 1293 477 1329 in
504 1293 581 1329 tab.
599 1294 633 1329 A
658 1303 748 1328 vero
775 1302 959 1328 coronam
985 1293 1030 1327 12
1055 1294 1092 1327 et
1116 1293 1286 1328 statuam
1310 1293 1333 1328 9
1358 1291 1406 1328 ob
1433 1302 1573 1328 causas
1598 1303 1645 1328 ex
1668 1292 1913 1339 dispositione

322 1352 512 1388 honorum
544 1361 659 1396 supra
690 1350 881 1395 descripta
905 1349 1044 1395 petitas
1070 1351 1249 1395 separate
1273 1349 1418 1386 incisas
1442 1360 1527 1386 esse
1551 1360 1621 1395 pro
1647 1353 1752 1387 certo
1776 1350 1914 1387 habeo.

325 1411 408 1455 Qua
441 1407 690 1454 dispositione
725 1407 840 1443 etiam
874 1406 1070 1452 evincitur,
1101 1409 1139 1442 τὸ
1171 1408 1286 1443 κοινὸν
1311 1414 1379 1443 τῶν
1406 1406 1548 1455 Δελφῶν
1580 1407 1628 1443 ab
1653 1407 1773 1444 Acilio
1799 1418 1832 1444 a.
1846 1407 1915 1445 189

325 1466 520 1502 conditum
544 1478 580 1501 n.
598 1465 717 1510 51110,
745 1465 822 1501 iam
849 1466 940 1501 ante
959 1476 993 1501 a.
1006 1464 1075 1500 165
1100 1464 1293 1500 sublatum
1310 1464 1439 1510 fuisse,
1464 1475 1515 1500 sc.
1535 1465 1648 1501 annis
1664 1465 1841 1510 171-68;
1867 1465 1915 1501 cf.

324 1535 361 1559 n.
375 1524 444 1559 643
457 1525 536 1560 not.
554 1523 657 1559 final.
675 1545 719 1549 —
739 1522 1016 1568 Ignorabamus
1033 1533 1140 1567 sane,
1166 1521 1248 1568 quis
1265 1525 1367 1558 esset
1385 1522 1602 1559 Cassander
1618 1524 1656 1558 et
1679 1533 1748 1558 cur
1772 1524 1828 1559 tot
1852 1533 1916 1559 ac-

325 1581 489 1626 cepisset
500 1581 677 1616 honores.
703 1579 836 1616 Wadd.
849 1580 895 1616 de
906 1580 1035 1626 legato
1049 1580 1218 1625 quodam
1231 1590 1363 1626 regum
1377 1580 1698 1626 Pergamenorum
1713 1580 1775 1617 vel
1789 1580 1915 1627 Syrio-

324 1650 408 1674 rum
426 1638 616 1684 cogitavit,
635 1638 715 1674 Nik.
734 1640 888 1683 propter
905 1648 981 1673 cor.
999 1638 1044 1672 12
1062 1639 1100 1673 et
1117 1637 1162 1672 13
1179 1637 1229 1673 ad
1245 1637 1358 1673 ludos
1375 1637 1498 1683 Πύθια,
1516 1636 1660 1685 Νέμεια,
1673 1634 1804 1687 Ἡραῖα
1818 1638 1861 1674 τὸ.
1878 1638 1914 1674 ἐν

324 1696 444 1745 Ἄργει,
471 1696 606 1742 quibus
625 1695 842 1732 Cassander
866 1695 1031 1731 fortasse
1056 1694 1279 1740 interfuerit,
1305 1694 1463 1740 digitum
1487 1695 1662 1731 intendit.
1703 1694 1779 1731 Sed
1797 1694 1914 1731 simil-

324 1754 414 1790 limo
438 1752 675 1799 Hegesandri
704 1754 881 1799 catalogo
915 1763 1116 1798 perpenSO,
1151 1751 1215 1798 qui
1241 1763 1274 1788 a.
1288 1753 1355 1788 151
1385 1752 1436 1788 ad
1465 1753 1682 1798 exemplum
1707 1752 1915 1789 Cassandri

325 1812 505 1847 redactus
532 1813 570 1846 et
593 1810 808 1855 insculptus
834 1812 893 1845 est
918 1813 963 1853 (v.
981 1821 1019 1845 n.
1032 1810 1144 1845 654Α
1160 1812 1263 1854 not.),
1289 1809 1417 1846 facere
1435 1820 1514 1845 non
1530 1820 1688 1855 possum
1707 1810 1796 1855 quin
1812 1809 1914 1845 hunc

327 1879 476 1914 quoque
502 1868 785 1912 scriptorem
823 1867 939 1903 fuisse
965 1869 1148 1911 suspicer,
1183 1867 1245 1912 qui
1269 1866 1307 1901 in
1331 1866 1487 1902 urbibus
1513 1877 1536 1902 a
1569 1877 1611 1902 se
1636 1866 1837 1903 celebratis
1859 1877 1917 1902 re-

326 1925 532 1961 citationes
570 1936 617 1960 ex
649 1925 754 1961 libris
785 1924 865 1960 suis
895 1923 1083 1960 habuerit.
1131 1923 1290 1959 Accedit
1319 1924 1421 1969 quod
1456 1923 1561 1960 haud
1588 1924 1702 1969 pauci
1739 1926 1915 1960 auctores

327 1982 444 2018 Troes
470 1984 559 2017 tunc
577 1982 733 2027 Delphis
760 1984 1001 2026 comparent;
1028 1993 1108 2023 ‚von
1133 1982 1214 2016 dem
1229 1981 1457 2027 Dreiyestim
1479 1993 1549 2018 aus
1572 1982 1636 2018 der
1654 1981 1915 2027 Troas-Aeolis,

326 2041 392 2076 das
416 2040 459 2075 E.
480 2040 664 2075 Schwartz
688 2039 775 2074 R-E
786 2038 849 2074 IV
860 2039 959 2074 2813
981 2038 1318 2084 xusammenstellte,
1342 2039 1406 2075 hat
1428 2039 1491 2075 ein
1512 2039 1616 2085 jeder
1637 2039 1682 2075 in
1704 2039 1838 2085 Delphi
1858 2039 1917 2076 die

325 2098 504 2134 Proxenie
536 2097 717 2133 erhalten:
751 2095 1056 2142 Heyesianaae
1087 2096 1150 2131 der
1180 2095 1330 2132 Dichter
1361 2097 1440 2132 und
1469 2096 1675 2132 Historilcer
1704 2096 1760 2132 im
1789 2095 1826 2132 J.
1844 2097 1918 2132 193

328 2155 452 2199 [n.585
477 2153 615 2200 pr.18],
641 2154 821 2189 Polemo
846 2154 909 2189 der
932 2153 1093 2200 Perieyet
1116 2154 1172 2189 im
1186 2153 1303 2189 J.176
1327 2152 1451 2197 [n.585
1475 2164 1529 2198 pr.
1544 2153 1636 2198 114]‚
1659 2153 1917 2190 Demetrios

327 2224 397 2248 von
428 2212 574 2258 Skepsis
606 2211 662 2247 im
684 2211 718 2246 J.
736 2212 808 2246 157
841 2210 983 2254 [Fouill.
1001 2211 1099 2256 1111,
1126 2222 1162 2246 n.
1179 2210 1271 2255 288].
1319 2211 1506 2247 Zwisehen
1537 2212 1607 2247 den
1637 2211 1763 2248 beiden
1791 2212 1918 2248 letxtm

326 2271 416 2306 steht
439 2270 498 2305 die
519 2269 685 2305 Troische
700 2268 914 2313 Ehrentafel
928 2268 970 2304 K
971 2270 1240 2314 assanders,
1264 2268 1370 2305 sowie
1390 2268 1490 2305 seine
1507 2268 1631 2305 Statue
1645 2269 1726 2304 umd
1738 2267 1918 2305 Proxem’e

328 2330 374 2370 (a.
394 2327 472 2370 165)
496 2327 540 2363 in
564 2327 699 2373 Delphi
707 2329 715 2345 ⁶
743 2327 877 2371 (Goett.
898 2326 960 2361 GA
978 2326 1192 2371 1913,169);
1225 2336 1349 2372 neque
1374 2325 1530 2372 quintus
1553 2336 1747 2371 proxenus
1771 2324 1917 2365 Αἰολεὺς

328 2386 395 2420 ἀπὸ
411 2383 658 2431 Ἀλεξανδρείας
674 2383 728 2420 ibi
745 2383 863 2427 deest,
889 2383 1176 2428 cf.Fouill.1111,
1195 2395 1231 2419 n.
1245 2383 1323 2418 275.
1356 2383 1489 2429 Itaque
1508 2383 1768 2419 Cassandrum
1786 2393 1917 2429 quam-

326 2442 385 2477 vis
409 2441 595 2478 memoria
619 2442 701 2477 eius
725 2441 764 2476 in
788 2440 950 2477 historia
974 2441 1186 2477 litterarum
1212 2441 1404 2477 exstincta
1420 2441 1481 2484 sit,
1507 2439 1626 2476 tribus
1643 2439 1717 2477 illis
1735 2440 1918 2477 adnume-

328 2500 491 2535 randum
517 2510 602 2535 esse
630 2501 679 2544 et,
711 2501 752 2535 ut
782 2499 897 2544 paulo
928 2500 1016 2543 post
1040 2498 1284 2544 Hegesander
1316 2509 1363 2534 ex
1391 2498 1701 2544 hypomnematis
1734 2496 1917 2534 recitasse

328 2557 479 2593 videtur
497 2560 544 2601 (n.
557 2557 626 2593 654
644 2558 745 2601 not.),
763 2556 801 2591 in
818 2555 973 2591 urbibus
990 2555 1063 2591 illis
1087 2556 1232 2592 similes
1250 2554 1443 2592 acroaseis
1458 2555 1597 2591 fecisse
1614 2565 1775 2591 sumam.
1812 2554 1918 2599 [Huic

328 2615 543 2650 sententiae
569 2614 702 2650 favent
724 2613 971 2650 recitationes
996 2613 1199 2650 Aristothei
1223 2612 1520 2659 historiographi
1544 2623 1577 2648 a.
1596 2612 1674 2657 157,
1699 2611 1842 2656 n.702.]

377 2673 402 2704 2
428 2672 483 2706 Ex
508 2671 567 2706 his
593 2672 636 2707 21
669 2670 830 2707 ethnicis
861 2670 1008 2716 (Delphi
1039 2673 1077 2707 et
1108 2670 1300 2707 Aenianes
1332 2670 1389 2707 bis
1420 2673 1634 2714 occurrunt)
1666 2669 1706 2704 in
1738 2668 1915 2714 catalogo

330 2727 566 2772 Hegesandri
590 2730 811 2774 repetuntur
834 2727 1010 2773 Epirotae
1027 2729 1082 2773 (4),
1110 2728 1309 2764 Cretenses
1328 2728 1382 2772 (5),
1416 2727 1641 2772 supplentur
1665 2725 1790 2762 Aetoli
1805 2725 1849 2770 (2)
1879 2727 1918 2761 et

332 2783 497 2819 fortasse
524 2785 777 2830 Phigalenses
796 2785 862 2830 (18)
889 2787 926 2821 et
951 2785 1137 2821 Palenses
1154 2785 1232 2830 (21),
1260 2784 1305 2820 cf.
1323 2796 1361 2820 n.
1378 2784 1446 2820 654
1463 2786 1541 2820 not.
1558 2783 1637 2819 init.
1785 2784 1812 2818 3
1835 2782 1916 2818 Hoc

332 2840 524 2876 ethnicum
542 2842 656 2878 etiam
673 2842 712 2878 in
731 2843 786 2878 tit.
801 2843 836 2878 B
848 2843 893 2878 24
911 2845 1116 2879 servatum.
1210 2845 1237 2878 4
1254 2842 1320 2887 ‚De
1337 2841 1530 2877 Phoenice
1548 2841 1594 2876 cf.
1606 2839 1769 2877 Bursian
1783 2840 1914 2885 Geogr.

331 2897 418 2932 117.
467 2898 561 2933 Eam
587 2902 701 2943 caput
725 2899 842 2935 fuisse
867 2900 1031 2936 foederis
1055 2898 1234 2945 Epirotici
1259 2898 1330 2934 etsi
1354 2899 1505 2943 praeter
1527 2898 1630 2934 hunc
1654 2897 1707 2933 tit.
1726 2906 1913 2942 nusquam

334 2999 419 3042 216

2020 2852 2040 2872 3Ᾰέ

2020 2887 2040 2931 ἐ
