2040 3216
78 218 160 255 696.
677 213 883 261 Pythaides
906 216 1068 252 Atticae.
1411 216 1517 262 13817
1530 229 1611 264 sqq.
1630 228 1667 253 a.

79 357 283 403 πεμπόντων
305 357 370 403 τὴν
394 355 514 392 θυσίαν
530 354 580 394 εἰς
595 353 761 402 Δελφοῦς,
785 354 867 390 ὅταν
890 353 1109 401 ἀστράψαντα
1130 354 1265 389 ἴδωσιν·
1290 353 1434 401 ἐτήρουν
1451 354 1562 394 δὲὲπὶ
1575 359 1668 403 τρεῖς

81 421 210 462 μῆνας,
239 411 322 450 καθ’
350 412 492 449 ἕκαστον
525 417 618 459 μῆνα
640 412 698 448 ἐπὶ
723 416 815 459 τρεῖς
845 411 979 458 ἡμέρας
1009 411 1069 446 καὶ
1098 411 1224 450 νύκτας
1246 411 1315 447 ἀπὸ
1341 417 1404 459 τῆς
1434 411 1584 460 ἐσχάρας
1606 416 1667 447 τοῦ

79 470 300 518 Ἁπραπαίου
324 468 420 509 Διός·
450 470 521 506 ἔστι
543 467 569 505 δ’
593 468 679 517 αὕτη
704 469 740 504 ἐν
768 474 833 504 τῶι
854 468 959 516 τείχει
984 468 1108 514 μεταξὺ
1131 472 1192 503 τοῦ
1216 467 1348 504 Πυθίου
1372 469 1432 504 καὶ
1454 472 1517 504 τοῦ
1536 466 1669 515 Ὀλυμ-

80 530 160 565 πίου
191 528 253 573 (cr.
268 527 440 564 Judeich.
464 527 555 572 Top.
571 526 657 563 Atb.
682 525 774 570 344).
820 525 915 562 Item
942 525 1105 571 Hecycb.
1130 536 1198 561 s.v.
1219 525 1404 574 ἀστράπτει
1428 553 1437 562 .
1450 552 1460 562 .
1483 523 1670 574 Ἀθηναῖοι,

82 587 185 623 ὁπότε
209 583 254 621 δι’
268 582 441 633 Ἅρματος
473 585 591 624 αὐτοῖς
619 584 834 632 άστράψειεν,
865 584 1018 630 ἔπεμπον
1050 585 1100 622 εἰς
1123 583 1280 630 Δελφοὺς
1307 583 1388 623 τοὺς
1412 584 1567 630 θεωροὺς
1589 584 1670 623 τοὺς

14 647 20 653 ·
81 643 288 691 λεγομένους
303 642 361 680 Πυ
372 642 548 682 θιαστάς
565 641 761 687 (Toepffer,
775 641 900 677 Herm.
916 640 1032 677 XXIII
1047 639 1150 685 1888,
1165 640 1252 685 322;
1266 639 1356 677 inde
1373 640 1438 677 Co.
1455 641 1562 677 Culte
1578 642 1669 685 169).

82 701 254 745 Menses,
285 709 355 745 per
385 709 483 746 quos
514 699 667 745 fulgura
698 698 1017 744 observabantur,
1048 699 1091 735 Δ.
1107 697 1320 735 Mommsen
1350 697 1536 744 Delphika
1562 699 1671 745 31516

81 756 445 803 Aprilem-Iunium
477 756 728 802 comprobare
757 755 900 800 studet,
928 755 986 792 ita
1019 758 1065 791 ut
1095 756 1245 792 theoria
1276 758 1379 792 certe
1411 758 1501 792 ante
1532 757 1672 802 Pythia

83 818 228 858 (mense
250 813 420 860 Augusto
453 816 554 858 acta)
577 813 748 859 Delphos
777 813 987 850 advenerit.
1034 813 1164 858 Neque
1197 813 1300 850 enim
1330 814 1532 860 quisquam
1565 815 1670 860 prius

83 871 326 908 dubitaverat
341 871 389 908 de
406 874 603 917 contextu,
620 871 683 917 qui
698 874 803 908 esset
816 870 891 907 inis
907 870 1059 916 pompis
1075 881 1163 907 cum
1176 870 1397 916 Pythiorum
1414 871 1527 907 feriis.
1556 872 1673 908 Cuius

83 929 302 966 vetustioris
331 929 529 975 Pythaidis
560 939 689 974 pauca
724 928 958 965 documenta
990 928 1171 974 aequalia
1202 930 1293 964 sunt
1322 929 1439 964 haec:
1475 930 1508 972 1)
1540 939 1574 964 a.
1590 928 1674 975 380,

83 997 123 1022 ιι.
139 986 262 1031 14544,
291 987 332 1022 in
363 996 438 1032 quo
468 987 580 1023 titulo
613 986 779 1022 obscura
806 986 927 1021 verba
957 986 1105 1021 ἐνιαυτία
1134 986 1157 1021 ά
1189 986 1369 1032 ἱερομηνία
1398 987 1421 1021 ἁ
1451 985 1585 1026 Πυθιὰς
1616 987 1676 1022 ῐσα

84 1044 244 1079 πάντεσσι
259 1044 301 1080 ἐκ
314 1049 376 1083 τᾶς
391 1057 415 1088 η
425 1072 463 1079 --
486 1046 642 1089 propter
666 1054 724 1088 ea,
748 1053 847 1089 quae
864 1042 1110 1088 sequentibus
1125 1042 1299 1078 versibus
1313 1042 1360 1078 de
1375 1042 1519 1089 pythiis
1540 1054 1676 1080 mense

83 1099 246 1137 Bucatio
264 1091 424 1146 agendis
440 1102 738 1145 constituuntur,
755 1111 780 1136 a
793 1100 1030 1136 Mommseno
1046 1099 1097 1135 l.l.
1110 1099 1179 1135 152
1193 1099 1233 1142 in
1251 1109 1384 1136 annua
1398 1110 1520 1145 parva
1535 1100 1676 1146 Pythia

87 1157 300 1194 trahuntur.
330 1178 371 1184 —
390 1158 424 1202 2)
453 1158 591 1203 Ephor.
609 1158 652 1193 fr.
670 1158 716 1193 70
747 1160 819 1202 (ap.
836 1157 962 1193 Strab.
977 1156 1028 1192 IX
1050 1156 1151 1201 422):
1180 1157 1216 1198 ἐξ
1242 1154 1394 1204 Ἀθηνῶν
1422 1155 1451 1192 δ’
1479 1158 1677 1205 ὁρμηθέντα

89 1212 303 1258 (Ἀπόλλωνα)
328 1215 386 1251 ἐπὶ
408 1214 562 1262 Δελφοὺς
584 1216 714 1262 ταύτην
739 1215 826 1250 ἰέναι
847 1216 912 1261 τὴν
936 1214 1028 1259 ὁδόν,
1050 1215 1089 1260 ἧι
1111 1219 1171 1250 νῦν
1195 1212 1371 1260 Ἀθηναῖοι
1392 1216 1457 1262 τὴν
1478 1214 1675 1252 Πυθιάδα

88 1272 260 1319 πέμπουσι
283 1272 344 1317 [el.
360 1271 510 1309 Aristid.
526 1271 689 1308 Panath.
706 1283 742 1317 p.
758 1271 837 1316 189,
853 1271 878 1307 8
891 1272 954 1318 τὴν
978 1273 1027 1311 εἰς
1043 1271 1199 1319 Δελφοὺς
1222 1272 1301 1308 ὁδόν
1317 1299 1328 1308 .
1341 1299 1351 1308 .
1366 1273 1427 1308 καὶ
1442 1273 1506 1320 τὴν
1530 1273 1676 1321 θεωρίαν

87 1330 152 1376 τὴν
177 1328 338 1366 Πυθιάδα
351 1327 560 1377 Ἀθηναίων].
575 1349 624 1356 -
638 1329 672 1373 3)
697 1339 733 1365 a.
748 1329 829 1374 353,
853 1327 1031 1378 1882]ss
1045 1328 1108 1364 27:
1133 1330 1211 1376 πρὶν
1235 1329 1299 1377 γὰρ
1324 1329 1387 1375 ἐμὲ
1409 1329 1507 1376 ἥκειν
1530 1329 1675 1374 (redire)

90 1386 132 1420 ἐκ
153 1391 217 1433 τῆς
242 1386 480 1432 Πυθιάδος,
505 1388 603 1435 ἔλεγε
626 1388 711 1433 πρὸς
733 1387 815 1426 τοὺς
838 1387 991 1433 δημότας
1013 1383 1267 1432 Ἀπολλόδωρος
1290 1386 1366 1422 κτλ.
1393 1389 1432 1423 et
1453 1386 1500 1422 34
1524 1388 1560 1422 ἐν
1584 1388 1678 1452 ἀργῇ

90 1456 141 1488 τε,
165 1443 434 1490 θεσμοθετήσας,
457 1446 506 1484 ὥς
530 1444 696 1491 ἐγενόμην
722 1444 786 1480 οὐκ
809 1444 927 1483 ἄδικος
949 1444 1024 1479 κτλ.
1050 1445 1263 1489 (utrumque
1287 1443 1415 1480 locum
1440 1444 1566 1480 attulit
1582 1445 1678 1481 Fou-

91 1502 177 1536 eart
198 1500 332 1537 Fouill.
348 1501 398 1537 111
412 1501 448 1545 2,
469 1512 506 1547 p.
522 1501 614 1545 287).
631 1521 677 1528 —
692 1501 725 1545 4)
745 1511 779 1536 a.
791 1500 871 1545 343,
895 1500 1092 1536 Demostb.
1107 1500 1192 1536 XIX
1207 1500 1292 1537 128:
1316 1502 1476 1537 ἁπάντων
1493 1503 1558 1549 γὰρ
1582 1502 1679 1549 ὑμῶν

91 1583 102 1593 .
115 1583 125 1593 .
147 1557 238 1594 οὕτω
262 1558 355 1595 δεινὰ
375 1560 435 1594 καὶ
458 1559 600 1608 σχέτλια
621 1559 824 1606 ἡγουμένων
854 1559 935 1608 τοὺς
965 1558 1203 1606 ταλαιπώρους
1232 1559 1376 1607 πάσχειν
1399 1557 1566 1603 Φωκέας,
1591 1561 1678 1595 ὥστε

93 1615 182 1660 μήτε
203 1616 285 1655 τοὺς
307 1616 349 1652 ἐκ
369 1621 434 1663 τῆς
459 1616 588 1664 βουλῆς
612 1615 766 1663 θεωροὺς
790 1616 878 1662 μήτε
900 1616 981 1655 τοὺς
997 1614 1212 1661 θεσμοθέτας
1235 1615 1283 1654 εἰς
1306 1616 1350 1650 τὰ
1371 1614 1516 1652 Πύθια
1540 1616 1681 1661 [ιι-346]

91 1671 239 1719 πέμψαι,
261 1670 334 1708 ἀλλ’
361 1673 553 1720 ἀποστῆναι
566 1678 629 1720 τῆς
645 1673 787 1721 πατρῖου
804 1673 964 1720 θεωρίας,
981 1683 1069 1708 cum
1088 1672 1207 1709 schol.
1225 1672 1306 1712 ἔθος
1327 1673 1371 1719 ἦν
1387 1673 1477 1708 κατὰ
1491 1674 1534 1708 τὰ
1557 1674 1683 1722 πάτρια

91 1729 240 1775 πέμπειν
263 1736 327 1766 τῶι
348 1727 535 1766 Ἀπόλλωνι
559 1730 595 1766 ἐν
619 1736 684 1766 τῶι
707 1730 815 1778 ἀγῶνι
837 1736 906 1766 τῶν
923 1729 1062 1767 Πυθίων
1086 1730 1167 1770 τοὺς
1191 1729 1346 1776 θεωροὺς
1368 1730 1428 1765 καὶ
1448 1731 1530 1769 τοὺς
1553 1730 1682 1777 θεσμο-

92 1785 208 1831 θέτας,
229 1786 286 1822 ἵνα
310 1788 428 1833 μεῖζον
451 1788 491 1834 ἧι
513 1788 552 1823 τὸ
576 1788 712 1833 ἀξίωμα
734 1793 797 1835 τῆς
820 1787 978 1835 θεωρίας.
1004 1807 1048 1814 -
1071 1787 1106 1831 5)
1130 1789 1171 1822 et
1192 1787 1227 1831 6)
1250 1796 1321 1823 αα.
1336 1787 1417 1832 340,
1448 1786 1489 1822 in
1513 1780 1682 1824 donariis

94 1843 342 1890 anaglyphi&
372 1844 469 1880 1611
490 1845 524 1889 5,
554 1855 590 1890 p.
613 1844 683 1880 249
711 1855 749 1880 n.
772 1843 906 1880 119012:
938 1844 1193 1892 Πυθαῑστὴς
1222 1843 1681 1892 ΠεισικράτηςΙἈκροτίμου

93 1901 263 1947 ἀνέθηκεν
287 1902 327 1936 et
348 1900 437 1937 ibid.
453 1900 587 1938 11900:
620 1901 862 1938 Πυθαῑσταὶ
885 1901 1050 1938 ἀνέθεσαν
1082 1907 1147 1937 τῶι
1169 1900 1372 1938 Ἀπόλλωνι·
1387 1902 1394 1949 Ι
1408 1901 1543 1939 Πείθων
1572 1901 1683 1938 Σωσι-

94 1958 229 2003 γένους,
251 1957 456 2005 Τιμόκριτος
477 1958 734 2006 Τιμοκράτους,
758 1957 980 2006 Ἀμεινοκλῆς
1002 1957 1234 2006 Ἀμεινίπποσ,
1266 1956 1471 2006 Ἁγνόδημος
1493 1957 1682 2007 Ἁγνοθὲου.
1739 1987 1743 1990 -

95 2013 170 2050 Ubi
183 2014 347 2051 Koeffler
362 2016 539 2052 adnotat:
557 2016 774 2063 ,Τιμόκριτος
788 2016 1026 2063 Τιμοκράτους
1037 2013 1204 2063 Ἰκαριεύς
1224 2015 1265 2052 in
1282 2016 1461 2062 catalogo
1477 2018 1683 2062 prytanum

96 2070 274 2116 Aegeidis
298 2072 391 2107 anni
411 2073 521 2119 341]ss
542 2072 765 2109 nominatur
781 2073 840 2117 (IG
855 2074 887 2109 Π
902 2073 995 2117 8Ί2).
1027 2073 1317 2109 Monumentum
1334 2075 1516 2119 quattuor
1530 2073 1684 2119 Pythei-

98 2128 244 2162 starum
268 2155 277 2163 .
296 2155 306 2163 .
327 2127 370 2164 in
385 2128 525 2174 Pythio
548 2129 731 2166 Icariensi
753 2130 985 2166 collocatum
1001 2130 1119 2167 fuisse
1136 2130 1235 2166 sicut
1249 2131 1305 2166 tit.
1322 2130 1442 2166 119Οὸ
1456 2140 1683 2176 persuasum

98 2183 251 2220 habeo}
267 2204 314 2210 —
328 2184 361 2227 7)
380 2195 449 2220 (3.3.
457 2185 538 2232 330,
554 2197 592 2221 n.
608 2186 677 2221 ΒΜ
692 2187 733 2222 in
748 2187 835 2223 basi
850 2187 1028 2232 tripodis:
1054 2188 1072 2222 ὁ
1090 2188 1201 2234 δῆμος
1217 2188 1236 2223 ὁ
1252 2185 1440 2233 Ἀθηναίων
1457 2188 1661 2234 ἀν[ἑθηκεν].
1676 2188 1682 2233 Ι

101 2242 266 2287 ἱεροποιοὶ
289 2241 322 2276 οἱ
344 2242 407 2288 τὴν
432 2241 628 2278 Πυθαῖὃα
651 2244 853 2291 ἀγαγόντες·
877 2243 1084 2290 Φανόδημος
1104 2245 1180 2279 κτλ.
1196 2243 1503 2287 (recensenturX
1520 2243 1684 2278 tribuum

102 2298 287 2344 ἱεροποιοί).
306 2317 350 2324 -
365 2298 422 2333 Ex
446 2298 567 2334 tribus
589 2299 731 2334 ultimis
757 2300 841 2343 titt,
866 2310 962 2345 quos
983 2300 1158 2344 Toepfl'er
1180 2300 1230 2334 l.l.
1252 2300 1427 2335 nondum
1451 2302 1687 2345 cognoverat

103 2358 231 2401 (quare
256 2354 373 2391 etiam
397 2355 461 2391 Co.
487 2355 582 2391 duos
599 2356 748 2401 priores
780 2357 930 2401 omisit),
962 2366 1066 2392 nunc
1098 2359 1257 2402 apparet
1280 2367 1462 2401 pompam
1485 2355 1685 2400 Pythicam

102 2412 193 2447 inde
219 2412 268 2448 ab
286 2412 556 2457 antiquissimis
572 2412 803 2457 temporibus
819 2413 987 2457 Πυθαῖὃα,
1011 2413 1219 2458 participes
1236 2413 1431 2452 Πυθαῖστοίς
1447 2422 1532 2448 esse
1556 2412 1687 2457 appel·

101 2469 221 2513 latos;
246 2469 350 2514 quod
372 2479 441 2514 per
456 2479 498 2505 se
516 2471 664 2513 (contra
681 2469 855 2505 Colinum
871 2469 1053 2514 aliosque)
1069 2468 1379 2504 verisimillimum
1396 2468 1531 2504 haberi
1548 2467 1686 2512 debuit,

104 2525 195 2571 quia
219 2526 324 2561 omni
346 2526 462 2561 modo
486 2526 699 2561 cavendum
723 2528 817 2570 erat,
841 2536 891 2561 ne
907 2525 1115 2570 penteteris
1130 2525 1289 2570 Pythias
1314 2528 1353 2560 et
1375 2535 1517 2570 pompa
1532 2524 1687 2570 Pythais

102 2582 204 2618 inter
227 2592 270 2618 se
294 2582 629 2619 confunderentur.
667 2582 920 2618 Nihilominus
938 2582 1042 2627 apud
1056 2582 1250 2627 Ephorum
1274 2583 1313 2617 et
1335 2582 1485 2617 Isaeum
1508 2584 1554 2625 (v.
1570 2591 1689 2626 supra

104 2639 139 2683 2)
156 2642 195 2675 et
210 2639 256 2684 3),
280 2649 341 2684 ap.
359 2639 628 2675 Philochorum
644 2639 694 2675 l.l.
710 2639 868 2674 verbum
886 2641 947 2674 est
965 2640 1193 2684 corruptum)
1211 2639 1338 2674 forma
1353 2638 1532 2674 usitatior
1547 2638 1689 2683 Πυθιάς,

107 2706 169 2741 ap.
185 2696 416 2742 Hesychium
446 2706 539 2732 vero
562 2696 751 2732 Πυθιασταί
779 2695 945 2740 irrepsit,
978 2706 1066 2731 cum
1091 2695 1229 2731 Strabo
1260 2697 1365 2731 recte
1389 2695 1593 2731 Πυθαῑστῶν
1625 2706 1690 2731 ex·

104 2753 249 2799 lubeat,
279 2764 372 2789 suae
404 2754 543 2789 aetatis
566 2754 691 2789 forma
713 2753 892 2789 vocabuli
914 2763 1022 2797 usus;
1056 2763 1178 2799 aeque
1210 2755 1326 2798 atque
1350 2754 1485 2788 auctor
1500 2752 1629 2798 Steph.
1645 2753 1689 2788 Β.

104 2820 172 2846 ss.
189 2810 315 2847 Πυθώ·
341 2837 373 2846 ..
397 2810 530 2850 Πυθιάς
553 2813 601 2849 ὡς
620 2808 821 2850 Ἑλικωνιάς
843 2837 853 2846 .
867 2837 876 2845 .
899 2811 959 2846 καὶ
983 2810 1161 2851 πυθαῖζειν
1185 2810 1372 2854 [Salmas.,
1394 2809 1482 2845 libri
1503 2810 1689 2853 πυθιάζειν]

106 2866 175 2902 ἀπὸ
198 2871 259 2902 τοῦ
283 2867 438 2907 Πυθαῖος
462 2868 646 2907 διαλύσεως
668 2868 873 2915 γενομένης,
902 2868 961 2903 καὶ
992 2866 1207 2913 πυθαῖστής),
1247 2862 1389 2903 Cd'ntra
1410 2866 1531 2902 verba
1554 2867 1577 2902 ά
1602 2868 1690 2914 {epo-

108 2923 215 2970 μηνία
238 2926 261 2961 ἁ
285 2923 417 2965 Πυθιάς
441 2928 487 2969 (v.
504 2935 622 2970 supra
646 2925 677 2969 1)
702 2935 771 2970 pro
796 2925 819 2959 ά
844 2925 1021 2972 ἱερομηνία
1044 2925 1067 2960 ἁ
1083 2923 1222 2961 nummi
1242 2926 1426 2969 usurpata
1450 2934 1535 2960 esse
1558 2924 1691 2959 viden-

1604 3024 1691 3067 299
