2040 3216
1130 635 1184 680 V.

465 762 593 817 Inde
629 775 660 815 a
698 761 946 816 Corintho
984 761 1160 816 deleta
1196 761 1264 816 ad
1298 775 1529 830 pugnam
1565 762 1846 818 Actiacam.

451 886 566 922 Asiae
583 885 805 931 provinciae
822 886 1027 922 Romanae
1043 897 1105 922 res
1122 886 1223 931 (inde
1241 886 1288 921 ab
1308 897 1341 922 a.
1353 887 1430 931 133)
1449 889 1488 923 et
1503 887 1620 923 totius
1635 887 1792 924 orientis
1807 890 1950 924 statum

359 944 425 990 qui
441 947 534 979 tunc
551 943 625 979 fuit
642 944 764 979 altero
783 942 948 979 Orientis
967 943 1096 989 graeci
1110 943 1305 979 volumine
1322 943 1442 980 titulis
1458 943 1664 980 illustravit
1678 943 1953 991 Dittenberger,

359 1013 381 1037 e
405 1001 542 1047 quibus
565 1010 777 1046 paucorum
801 1001 1039 1036 mentionem
1062 1000 1295 1046 temporibus
1321 1001 1402 1037 suis
1424 1000 1650 1038 inseremus.
1758 998 1766 1004 '

412 1134 417 1136 ’
447 1116 552 1160 676.
582 1123 636 1159 Ιι.
658 1120 909 1158 Mummius
939 1125 1034 1158 eos.
1057 1130 1101 1158 a.
1118 1123 1216 1158 146.
1266 1120 1359 1156 Edd.
1384 1121 1651 1168 Dittenberger
1672 1122 1699 1158 L
1718 1122 1867 1168 olymp.
1883 1122 1953 1159 319

361 1179 481 1225 (Sym
495 1179 581 1224 310;
606 1179 759 1214 Dessau
778 1179 804 1214 I.
822 1178 907 1214 Lat.
925 1178 992 1214 sel.
1007 1178 1124 1222 8768).
1829 1180 1906 1225 [Hs]

359 1252 385 1306 ἡ
417 1250 533 1297 πόλις
562 1251 588 1305 ἡ
621 1251 700 1290 τῶν
722 1245 898 1291 Ἠλείων
929 1248 1099 1290 Λεύκιον
1127 1247 1318 1304 Μόμμῖον
1339 1249 1512 1291 Λευκίου
1524 1251 1560 1304 l,
1591 1248 1810 1306 στρατηγὸν
1829 1249 1835 1307 Ι
1854 1251 1957 1293 ὕπα-

360 1320 461 1361 τον2
484 1316 716 1374 Ῥωμαίων,
755 1318 900 1374 ἀρετῆς
937 1319 1068 1360 ἕνεκεν
1099 1317 1168 1360 καὶ
1202 1318 1433 1375 εὐεργεσίας
1463 1319 1512 1374 ἧς
1541 1318 1649 1376 ἔχων
1667 1317 1673 1376 Ι
1691 1319 1866 1361 διατελεῖ
1896 1317 1954 1367 εἷς

362 1404 405 1430 τε
437 1387 562 1444 αὐτὴν
593 1385 663 1428 καὶ
693 1385 784 1434 τοὺς
815 1386 962 1434 ἄλλους
981 1381 1202 1442 ςΈλληνας.

455 1504 472 1536 1
511 1501 596 1536 Cos.
615 1512 649 1536 a.
668 1500 746 1535 146.
806 1500 1011 1536 Praeterea
1048 1500 1249 1545 Olympiae
1283 1500 1468 1535 inventae
1504 1502 1595 1536 sunt
1631 1500 1814 1547 reliquiae
1849 1501 1954 1538 basis

358 1569 526 1604 magnae
551 1569 649 1604 quae
673 1557 892 1602 pertinebat
918 1558 969 1593 ad
993 1560 1286 1593 monumentum
1312 1568 1386 1603 quo
1411 1558 1452 1593 L.
1468 1558 1669 1594 Mummius
1702 1569 1790 1594 cum
1821 1558 1954 1594 decem

340 1616 496 1661 legatis
521 1616 837 1660 repraesentatus
862 1617 948 1650 erat
973 1614 1009 1659 (Ι.
1027 1615 1177 1660 Olymp.
1194 1614 1399 1658 320—324,
1434 1625 1514 1650 non
1545 1617 1636 1650 ante
1659 1616 1874 1660 Augustum
1896 1615 1956 1650 in-

361 1673 542 1717 scriptum
550 1673 579 1716 ‘?)
605 1674 645 1708 et
669 1672 767 1707 tituli
784 1672 975 1707 donorum
993 1672 1041 1707 ab
1057 1672 1142 1717 ipso
1161 1672 1424 1708 dedicatorum
1443 1671 1540 1713 (ibid.
1557 1671 1766 1716 278—281).
1804 1672 1955 1709 Similes

361 1729 460 1765 tituli
477 1729 700 1765 dedicatorii
715 1731 917 1774 praeterea
934 1729 1083 1764 inventi
1099 1732 1189 1765 sunt
1199 1729 1338 1765 Thebis
1355 1728 1416 1772 (IG
1428 1729 1490 1765 VII
1502 1729 1605 1765 2478.
1617 1729 1710 1764 2478
1717 1732 1764 1774 a),
1780 1729 1953 1775 Thespiis

363 1787 422 1829 (IG
438 1787 500 1822 VII
517 1786 632 1831 1808),
661 1785 777 1831 Oropi
802 1785 862 1828 (IG
878 1786 942 1821 VII
957 1786 1050 1831 433),
1080 1787 1229 1831 Tegeae
1255 1786 1313 1829 (IG
1330 1786 1360 1822 V
1375 1787 1409 1831 2,
1427 1786 1490 1830 77;
1520 1797 1555 1821 ν.
1572 1785 1825 1822 Premerstein
1850 1787 1952 1823 Oest.

362 1843 382 1878 J
387 1843 536 1878 ahresh.
549 1842 616 1879 XV
632 1842 828 1887 1912‚197‚
842 1843 862 1877 1
887 1843 926 1877 in
951 1842 1036 1878 basi
1052 1843 1280 1887 perantiqua
1296 1842 1490 1877 Minervae
1507 1842 1676 1877 Herculis
1695 1843 1857 1879 aliarum
1874 1846 1954 1880 sta-

364 1902 539 1942 tuarum).
658 1903 684 1934 2
711 1899 764 1934 cf.
781 1899 883 1934 5922.

450 2002 552 2044 677.
588 2002 729 2058 [6781.
766 2008 920 2051 Scipio
955 2009 1200 2044 Africanus
1235 2008 1383 2044 minor
1419 2017 1462 2045 a.
1485 2009 1586 2045 146.
1635 2009 1805 2045 Thermis
1828 2010 1954 2046 Hime-

363 2075 541 2099 raeorum
571 2064 611 2099 in
640 2075 784 2100 museo.
834 2064 926 2100 Edd.
946 2064 1079 2101 Kaibel
1102 2066 1123 2088 *
1145 2064 1192 2101 IG
1209 2065 1290 2101 XIV
1311 2064 1381 2100 315
1406 2065 1526 2110 (8γ11.2
1546 2065 1632 2111 311;
1656 2065 1804 2103 Dessau
1826 2066 1853 2103 L
1870 2066 1954 2103 Lat.

364 2121 431 2157 sel.
449 2121 555 2165 8769;
582 2121 665 2157 IGR
680 2121 772 2165 504).
1703 2150 1705 2152 v
1831 2123 1907 2169 [Hs]

363 2190 574 2246 [Πόπλιος]
595 2189 836 2247 Κορνήλι[ος
858 2191 1039 2233 Ποπλίου
1061 2190 1146 2239 υἱὸς
1167 2191 1344 2234 Σκιπίων
1361 2190 1620 2250 Ἀφρι]κα]νὸς
1633 2194 1651 2227 l
1675 2194 1822 2241 ὕπατος
1842 2194 1957 2249 ἐ[πα-

364 2258 681 2315 νακομισάμενος
712 2260 758 2301 ἐκ
779 2258 1071 2317 ΚαρχηδόΙν]ος
1101 2259 1193 2308 τοὺς
1223 2257 1454 2317 ἐΕἹμέρ[ας
1486 2262 1732 2317 συληθέντας
1763 2261 1954 2319 ἀνδριάν-

365 2328 486 2383 τας]2
505 2325 754 2385 [Ἱμεραίοῂς
785 2328 1071 2405 Θερμιτανοῖς].

458 2443 650 2489 στοιχηδόν.
688 2441 818 2486 Suppl.
835 2441 977 2478 Kaibel.
1078 2445 1094 2477 1
1123 2441 1209 2478 Cos.
1227 2452 1261 2477 a.
1273 2443 1352 2478 147.
1445 2446 1473 2478 2
1499 2442 1555 2479 Cf.
1572 2442 1648 2478 Cic.
1657 2443 1758 2479 Verr.
1770 2442 1803 2478 Π
1817 2443 1874 2479 86.
1890 2443 1954 2479 87;

365 2498 524 2543 Etenim,
558 2503 599 2534 ut
627 2500 744 2535 simul
765 2500 945 2544 Africani
973 2512 1108 2545 quoque
1130 2500 1400 2536 humanitatem
1429 2503 1462 2536 et
1483 2500 1700 2545 aequitatem
1722 2501 1954 2546 coynoeeatie,

365 2556 539 2600 oppidum
556 2556 752 2592 Himeram
770 2556 1091 2602 Carthayinienses
1107 2558 1291 2602 quondam
1306 2561 1486 2602 ceperant,
1511 2558 1606 2602 quod
1622 2557 1744 2602 fuerat
1759 2557 1803 2592 in
1817 2557 1956 2602 primia

369 2612 521 2648 Siciliae
544 2614 688 2649 clarum
711 2618 743 2649 et
766 2618 949 2649 ornatum.
1000 2614 1135 2659 Scipio,
1160 2614 1227 2659 qui
1247 2615 1313 2650 hoe
1335 2615 1490 2660 dignum
1508 2615 1643 2660 populo
1666 2614 1832 2650 Romano
1855 2614 1956 2649 arbi·

368 2673 536 2714 traretur,
561 2671 647 2706 bello
671 2671 826 2715 confecto
849 2671 965 2706 socios
988 2683 1060 2706 sua
1078 2683 1147 2716 per
1169 2675 1335 2707 owstram
1354 2671 1547 2707 victoriam
1567 2682 1791 2717 recuperare,
1818 2670 1955 2706 Siculi&

368 2727 537 2761 omnibus
566 2727 787 2773 Oarthayine
809 2732 926 2773 capta,
952 2740 1043 2773 quae
1062 2728 1192 2773 potuit,
1217 2729 1441 2764 restituenda
1463 2729 1617 2764 curavit.
1664 2727 1820 2763 Himera
1843 2728 1953 2762 deleta

369 2793 456 2825 quos
486 2783 579 2818 cives
611 2785 694 2819 belli
721 2785 917 2820 calamitas
948 2785 1106 2830 reliquos
1134 2786 1276 2830 fecerat,
1307 2786 1342 2820 ii
1368 2797 1443 2821 sese
1469 2785 1633 2821 Thermis
1657 2785 1888 2821 conlocarant
1909 2783 1953 2818 in

369 2837 484 2872 isdem
514 2840 600 2884 ayri
626 2841 766 2884 finibus
788 2854 854 2878 nee
878 2843 979 2888 lonye
1003 2844 1048 2878 ab
1071 2843 1202 2888 oppido
1225 2843 1388 2887 antique.
1427 2842 1480 2877 Ei
1500 2854 1538 2877 se
1555 2839 1708 2887 patr-um
1729 2841 1898 2884 fortunas
1921 2843 1953 2875 et

372 2894 585 2938 dignitatem
607 2908 820 2942 recuperare
841 2899 1127 2942 arbitrabantur,
1152 2911 1236 2935 eum
1254 2900 1322 2934 illa
1336 2899 1523 2934 maiorum
1539 2901 1754 2934 ornamenta
1769 2897 1812 2931 in
1828 2907 1952 2931 eorum

372 3005 459 3048 260
