2040 3216
344 199 426 234 653.
451 198 530 233 654.
870 186 1109 233 Cassander.
1156 195 1414 241 Hegesander.
1720 197 1786 233 165
1802 207 1883 244 sqq.
1903 209 1936 233 a.

346 337 422 373 Sed
447 347 535 373 cum
560 335 663 372 idem
688 335 767 371 v.d.
785 335 933 371 litteras
959 346 1045 372 esse
1062 336 1232 372 minores
1249 336 1288 371 et
1306 334 1480 372 diversas
1498 338 1548 380 (Α)
1574 335 1623 372 ab
1639 335 1793 382 reliquis
1816 336 1937 373 hono-

344 394 450 430 ribus
476 396 527 438 (Α)
554 395 726 439 testetur,
759 395 796 429 et
820 403 906 428 cum
932 392 1077 438 Elatea‚
1110 393 1306 438 Chaleum‚
1337 392 1450 428 Chius
1459 393 1498 437 (Ρ)
1523 393 1562 429 in
1586 392 1721 439 tabula
1745 394 1881 430 Troica
1904 395 1938 430 A

345 453 459 497 plane
478 451 614 496 desint,
631 451 706 487 hoc
722 451 886 487 frustum
905 461 928 486 a
945 450 998 486 tit.
1012 450 1048 486 B
1062 450 1231 486 alienum
1249 461 1332 486 esse
1350 452 1545 495 putem.—
1558 450 1595 486 0.
1608 453 1722 493 -,10
1744 451 1798 488 Cf.
1818 453 1895 487 not.
1905 452 1938 487 1.

433 580 581 625 A654.
608 585 893 631 Hegesandri
920 585 1088 629 Delphi
1118 587 1164 622 et
1193 584 1506 629 Atheniensis,
1535 585 1937 630 hypomnematum

347 644 603 689 scriptoris,
637 644 852 687 honores,
884 643 1090 681 e.a.151.
1805 642 1890 687 [Pw]

433 719 484 761 A.
520 718 756 772 Catalogus
777 719 932 773 viginti
959 718 1152 773 quinque
1179 721 1442 773 statuarum,
1476 730 1555 761 ca.
1578 717 1673 761 151.
1728 723 1771 759 ln
1795 723 1939 769 pariete

345 781 587 817 meridionali
622 781 794 817 thesauri
819 780 1122 824 Atheniensium,
1157 780 1289 816 titulus
1325 781 1438 817 huius
1473 780 1603 816 lateris
1637 781 1937 827 antiquissimus;

348 840 419 875 titt.
437 839 552 875 1-13
576 839 616 874 in
640 838 831 884 lapidibus
858 839 1024 884 quinque
1050 837 1193 874 ordinis
1220 838 1328 884 sexti,
1361 839 1499 874 14-25
1530 839 1570 874 in
1594 841 1773 885 quattuor
1797 839 1939 876 ordinis

348 896 470 943 quinti
503 907 619 942 supra
645 895 936 942 euthynteriam.
989 895 1056 931 Ed.
1083 895 1192 932 Colin
1217 895 1348 931 Fouill.
1365 895 1464 940 1112,
1485 906 1520 932 n.
1535 895 1613 941 135,
1642 896 1697 932 tit.
1710 897 1827 932 1-——25
1851 907 1937 932 cum

345 954 422 990 tab.
440 954 490 989 IX
506 954 538 989 3.
582 953 659 989 Sub
680 963 910 999 unoquoque
936 953 1045 989 titulo
1071 963 1216 988 corona
1240 953 1384 989 laurea.

437 1069 687 1105 Notissimum
712 1069 819 1104 illurn
846 1069 1190 1114 hvpomnematum
1215 1068 1451 1114 scriptorem,
1477 1069 1541 1115 qui
1563 1069 1612 1106 ab
1629 1070 1829 1107 Athenaeo
1855 1082 1939 1107 sae-

346 1128 429 1173 pius
447 1125 682 1176 Ἡγήσανδρος
708 1127 726 1162 ὁ
745 1126 880 1174 Δελφός
896 1128 1070 1171 vocatur,
1093 1126 1282 1172 Delphum
1304 1127 1520 1172 improbavi
1536 1127 1617 1164 R-E
1633 1127 1680 1165 IV
1697 1127 1826 1173 252325
1851 1129 1941 1174 ,weil

345 1187 408 1222 der
425 1185 545 1221 Name
569 1185 613 1221 in
629 1186 699 1221 den
714 1185 902 1221 xakllosen
923 1184 1124 1221 Urkunden
1139 1185 1298 1221 niemals
1319 1185 1378 1221 bei
1391 1184 1511 1221 einem
1527 1185 1699 1232 Delphier
1714 1186 1937 1222 vorkommt‘.

346 1243 570 1279 Necessario
587 1242 697 1288 igitur
709 1242 956 1289 Hegesander
969 1242 1237 1278 tantummodo
1256 1242 1326 1278 suit
1338 1241 1569 1288 Delphorum
1582 1254 1773 1289 proxenus
1786 1243 1937 1288 (Ehren-

345 1302 496 1347 himer),
529 1301 634 1336 cuius
668 1300 715 1336 de
748 1300 873 1345 patria
904 1299 1192 1346 ignorabamus,
1232 1300 1343 1336 Nunc
1372 1311 1474 1346 vero,
1500 1310 1586 1336 cum
1616 1311 1664 1337 ea
1690 1301 1776 1346 ipsa
1809 1302 1938 1338 aetate

347 1369 425 1405 qua
450 1358 590 1394 vixisse
615 1358 721 1394 illum
739 1359 887 1404 Jacoby
912 1357 1131 1403 suspicatus
1157 1360 1240 1394 erat
1257 1358 1387 1403 (Mitte
1402 1359 1462 1394 des
1477 1358 1524 1394 ΙΙ.
1541 1358 1672 1395 Jahrh.
1687 1371 1719 1395 v.
1741 1358 1837 1395 0hr.‘
1858 1358 1938 1394 R-E:

346 1416 409 1452 VII
427 1415 567 1459 260041)
595 1416 798 1462 catalogus
822 1426 988 1461 magnus
1010 1416 1199 1451 honorum
1217 1415 1466 1461 Hegesandro
1489 1415 1726 1462 Hegesandri
1741 1415 1766 1452 f.
1783 1415 1938 1461 Delphis
2014 1433 2015 1436 =

345 1473 583 1519 perscriptus
609 1475 841 1519 compareat,
875 1474 981 1509 cuius
1014 1472 1211 1519 inscriptio
1237 1476 1283 1518 (v.
1297 1474 1330 1518 1)
1363 1483 1451 1509 eum
1476 1473 1666 1519 expressis
1689 1473 1816 1510 verbis
1838 1471 1938 1521 Ἀθη-

343 1534 454 1576 να[ῑον
478 1533 535 1567 τὸν
556 1532 616 1567 καὶ
635 1531 781 1578 Δελφόν]
807 1531 870 1566 vel
895 1532 962 1576 [τὸν
980 1530 1123 1579 Δελφῶν
1141 1531 1300 1578 πρόξενον
1320 1531 1368 1567 al.
1384 1541 1420 1567 v.
1438 1533 1516 1567 not.
1530 1531 1563 1576 1]
1589 1531 1812 1576 proclamat,
1837 1531 1939 1567 hunc

346 1599 430 1624 esse
449 1589 555 1625 illurn
574 1590 771 1625 auctorem
788 1588 1084 1634 intellegendum
1111 1588 1244 1635 quovis
1269 1589 1427 1634 pignore
1446 1589 1638 1625 contendo
1662 1599 1786 1635 neque
1803 1588 1937 1626 Colino

348 1646 546 1683 adsentiar
579 1646 642 1692 qui
677 1647 726 1682 ad
759 1647 906 1683 calcem
933 1645 1197 1682 commentarii
1222 1646 1279 1682 sui
1302 1646 1353 1682 1.1.
1376 1645 1494 1692 p.140
1515 1646 1631 1683 not.3
1655 1646 1816 1682 similem
1850 1657 1937 1683 sen-

347 1705 507 1740 tentiam
533 1704 582 1740 ab
607 1703 692 1749 ipso
717 1704 952 1750 propositam
970 1703 1113 1739 refutat
1129 1704 1255 1740 verbis
1283 1704 1397 1749 ‚mais
1413 1704 1444 1740 il
1458 1708 1508 1740 est
1522 1704 1655 1740 mutila
1669 1703 1858 1740 d'insister
1871 1715 1939 1740 sur

344 1763 382 1798 la
411 1762 576 1808 fraqilite
609 1761 718 1798 d'une
749 1762 824 1798 telle
859 1762 1082 1798 association
1118 1761 1387 1807 d'hypothcses‘.
1442 1761 1575 1807 Neque
1606 1760 1708 1796 idem
1737 1760 1807 1797 v.d.
1831 1760 1936 1806 vidit,

347 1819 542 1855 decretum
566 1819 660 1855 illud
683 1819 950 1865 gravissimum
976 1819 1031 1863 (B)
1057 1819 1159 1864 quod
1185 1819 1363 1855 consulto
1395 1819 1466 1854 sub
1491 1817 1618 1854 medio
1644 1818 1697 1854 tit.
1712 1818 1747 1854 A
1773 1817 1936 1854 incisum

345 1876 529 1921 videmus,
556 1876 606 1912 ad
631 1876 796 1912 eundem
819 1876 1015 1912 hominem
1039 1876 1229 1920 pertinere
1254 1876 1364 1911 cuius
1389 1875 1536 1911 nomini
1560 1871 1809 1923 ΓΗγήσανδρον
1833 1872 1936 1922 Ἡγη-

351 1934 506 1981 σάνδρου]
532 1934 743 1978 supplendo
769 1934 912 1968 lacuna
929 1933 975 1968 20
990 1933 1061 1968 litt.
1087 1943 1111 1968 a
1129 1932 1261 1969 Colino
1277 1933 1315 1967 in
1333 1943 1367 1967 v.
1381 1933 1403 1968 4
1427 1932 1562 1968 relicta
1579 1933 1760 1968 accurate
1777 1941 1936 1977 respon-

345 1990 410 2026 det
440 1990 620 2036 cuiusque
652 1990 771 2026 aetati
805 2000 934 2026 annus
962 1990 1030 2025 151
1065 1989 1165 2025 tituli
1184 1990 1220 2025 B
1241 1990 1383 2035 optime
1417 1989 1610 2025 convenit.
1659 1989 1936 2035 Quaerentibus

344 2057 447 2093 vero,
474 2058 540 2083 cur
557 2048 805 2094 Hegesander
828 2050 883 2083 tot
906 2047 1115 2083 honoribus
1141 2048 1304 2083 affectus
1330 2047 1388 2093 sit,
1413 2046 1519 2082 nulla
1544 2046 1622 2082 fere
1649 2045 1726 2082 alia
1750 2057 1870 2084 causa
1893 2058 1935 2084 se

345 2105 480 2141 offerre
497 2104 655 2150 videtur,
681 2104 755 2141 nisi
779 2104 882 2151 quod
899 2107 1034 2141 auctor
1049 2104 1184 2140 laudes
1208 2105 1344 2141 horum
1361 2104 1559 2140 foederum
1575 2103 1800 2150 urbiumque
1822 2115 1935 2141 occa-

345 2162 454 2198 sione
479 2162 574 2198 data
597 2163 637 2197 in
662 2162 766 2198 libris
791 2162 928 2198 cecinit
954 2164 1021 2198 aut
1047 2163 1105 2207 (et)
1130 2161 1218 2197 inde
1250 2162 1380 2207 palam
1412 2161 1590 2198 recitavit
1619 2161 1800 2207 (exceptis
1823 2162 1936 2201 Athe-

345 2218 551 2265 mensibus,
577 2219 623 2255 de
648 2219 783 2266 quibus
808 2220 855 2256 cf.
873 2222 951 2256 not.
968 2220 1001 2264 6)
1009 2232 1017 2264 ;
1045 2219 1146 2266 quod
1163 2219 1315 2265 quidem
1333 2219 1379 2255 de
1395 2218 1552 2264 Delphis
1577 2219 1617 2255 in
1638 2220 1935 2265 hypomnemate

345 2278 421 2325 περὶ
444 2277 652 2325 ἀνδριάντων
677 2278 737 2313 καὶ
761 2278 968 2326 ἀγαλμάτων
994 2277 1138 2312 factum
1164 2286 1248 2312 esse
1275 2278 1437 2321 constat,
1462 2288 1497 2312 v.
1515 2279 1592 2312 not.
1612 2277 1668 2313 13.
1710 2276 1774 2321 [Cf.
1790 2276 1935 2313 Aristo·

346 2335 474 2371 theum
506 2334 856 2381 historiographum
889 2334 972 2380 pari
1008 2334 1122 2370 modo
1160 2345 1192 2370 a.
1212 2334 1278 2369 157
1309 2334 1464 2380 Delphis
1501 2334 1693 2371 acroaseis
1730 2333 1933 2370 facientem

349 2403 384 2427 n.
401 2393 491 2437 702]

436 2449 484 2485 Ut
507 2450 651 2496 primus
676 2451 849 2486 omnium
874 2449 1085 2494 titulorum,
1115 2448 1181 2494 qui
1203 2448 1243 2484 in
1268 2449 1390 2484 latere
1416 2448 1591 2485 thesauri
1612 2448 1855 2495 Siphniorum
1878 2448 1936 2485 in-

345 2507 582 2553 cidebantur,
608 2508 811 2553 catalogus
829 2507 1038 2545 Cassandri
1055 2518 1091 2542 n.
1103 2505 1173 2542 653
1185 2506 1220 2542 B
1234 2505 1369 2551 fuerat,
1394 2506 1449 2542 sic
1466 2506 1584 2542 tribus
1602 2506 1682 2542 fere
1705 2506 1832 2542 lustris
1849 2507 1937 2552 post

346 2565 395 2601 ad
421 2566 502 2602 eius
527 2566 743 2611 exemplum
769 2566 832 2601 hic
855 2565 988 2602 titulus
1015 2563 1302 2610 antiquissimus
1326 2563 1441 2599 654A
1463 2563 1503 2600 in
1530 2563 1674 2609 pariete
1698 2563 1936 2600 meridionali

346 2622 518 2658 thesauri
542 2623 656 2658 Attici
679 2623 913 2668 perscriptus
930 2624 999 2667 est,
1022 2621 1200 2657 videlicet
1225 2621 1361 2656 eodem
1385 2621 1470 2657 loco
1490 2632 1563 2667 quo
1582 2620 1656 2666 ille,
1681 2632 1733 2658 sc.
1750 2621 1788 2657 in
1805 2620 1934 2667 primis

344 2679 513 2724 lapidum
544 2681 674 2716 stratis
706 2691 821 2726 super
853 2680 1121 2725 orthostatam,
1160 2678 1369 2724 eodemque
1400 2678 1514 2714 modo
1547 2678 1833 2724 diligentissime
1866 2687 1934 2723 per

347 2735 441 2771 duos
466 2747 695 2773 coronarum
721 2737 874 2773 ordines
901 2736 1119 2782 dispositus,
1150 2736 1257 2771 brevi
1280 2735 1529 2780 inscriptione
1561 2734 1789 2780 praemissa;
1822 2733 1933 2771 simul

345 2793 415 2826 sub
450 2793 579 2829 ordine
611 2794 789 2831 inferiore
819 2795 946 2830 medio
977 2793 1174 2830 decretum
1205 2792 1430 2838 Delphicum
1460 2792 1529 2828 654
1548 2792 1584 2828 B
1612 2792 1856 2838 insculptum.
1886 2810 1932 2817 —

346 2848 472 2894 Atque
504 2852 546 2885 ut
577 2851 615 2886 in
647 2853 780 2888 tabula
805 2851 1014 2889 Cassandri
1037 2851 1106 2887 653
1123 2852 1157 2887 A
1188 2853 1333 2887 certam
1364 2849 1651 2896 dispositionem
1674 2850 1720 2886 23
1742 2849 1931 2885 honorum

346 2915 665 2950 cognoveramus:
691 2909 781 2944 1-6
798 2919 962 2945 coronas
986 2915 1053 2944 τῶν
1071 2914 1206 2952 κοινῶν,
1224 2907 1337 2943 7-11
1355 2906 1450 2943 alios
1468 2907 1647 2951 honores,
1670 2904 1808 2942 12-23
1823 2914 1929 2941 coro-

349 3018 433 3061 218
