2040 3216
363 211 442 246 747.
545 196 547 198 ’
951 210 1008 246 sc
1034 210 1081 246 de
1104 209 1363 255 Amphiaraio.
1850 202 1898 248 ‘18
1915 223 1950 248 a.

364 354 551 407 παρῆσαν
573 347 770 406 Μάαρκος
794 348 1000 397 Κλαύδιος
1022 348 1254 406 Μαάρκ[ου]
1273 349 1277 407 Ι
1297 349 1380 397 υἱὸς
1395 349 1611 407 Ἀρνήσσης
1632 349 1951 408 Μαάρκελλοςθ,

368 417 490 466 Γάϊος
521 407 885 466 ΚλαύδιοςΤαῖου
922 418 1007 466 υἱὸς
1037 417 1253 475 Ἀρνήσσης
1284 417 1763 477 Γλάβερ10,1Μάαρκος
1797 418 1954 467 Κάσιος

367 486 567 544 Μαάρκου
605 486 690 534 υἱὸς
718 486 1028 543 ΠωμεντίναῙῙ,
1062 486 1182 534 Γάϊος
1213 487 1389 535 Λικίνιος
1419 486 1551 546 Γαΐου.
1575 487 1660 536 υἱὸς
1678 487 1684 545 Ι
1703 487 1952 544 Πωμεντίνα,

297 561 344 597 10
369 554 493 604 Γάϊος
522 556 699 603 Λικίνιος
731 554 856 598 Γαΐου
888 555 972 603 υἱὸς
1001 555 1292 612 Στηλατίνα<ς>
1319 555 1822 614 Σακέρδως12,ΙΛεύκιος
1852 555 1955 600 Οὐο-

363 625 525 673 λόσκιος
557 624 728 667 Λευκίου
765 623 849 672 υἱὸς
879 623 1114 681 Ἀρνιὴσσης
1126 625 1188 678 13,
1229 625 1398 672 Λεύκιος
1426 623 1600 681 Λάρτιος
1636 625 1809 668 Λευκίου
1845 624 1952 682 υἱὸςΙ

367 693 549 750 Πηπιρία
561 695 622 748 14,
645 692 769 741 Γάϊος
789 692 963 741 Ἀνναῖος
983 691 1110 735 Γαΐου
1133 692 1217 741 υἱὸς
1235 691 1467 749 Κλυτομίνα
1481 694 1543 749 15,
1566 692 1766 751 Μάαρκος
1785 693 1954 742 Τύλλιος

364 813 399 846 p.
417 802 473 846 29,
490 802 513 836 4
537 802 578 837 K.
597 803 635 837 et
652 801 754 837 Sch.:
781 813 849 847 quo
873 801 957 847 igne
982 804 1046 845 (sc.
1064 811 1150 836 cum
1176 803 1411 836 cremaretur
1426 801 1467 837 P.
1486 801 1607 837 Clodii
1630 812 1768 846 corpus
1794 813 1828 838 a.
1844 802 1902 845 52)
1926 806 1958 838 et

365 859 451 904 ipsa
475 870 610 904 quoque
634 859 743 894 curia
771 859 960 904 flaqram't,
993 862 1024 894 et
1055 858 1143 893 item
1166 857 1303 894 Porcia
1334 858 1505 904 basilica,
1535 871 1627 905 quae
1650 863 1728 895 erat
1759 859 1796 895 ei
1816 859 1955 903 iwncta,

364 917 532 951 ambusta
555 921 615 952 est.
650 915 722 951 Mo.
848 917 875 951 8
902 915 957 951 Cf.
974 926 1011 950 n.
1029 915 1133 958 7418.
1183 915 1359 950 Ceterum
1382 915 1446 951 hic
1469 915 1534 961 qui
1557 916 1778 952 consulibus
1800 915 1841 951 in
1866 926 1958 952 con-

365 973 449 1008 silio
475 975 606 1008 essent
631 983 678 1008 ex
711 972 909 1018 dignitatis
941 971 1074 1008 ordine
1105 972 1322 1007 enumerari
1353 972 1573 1008 observavit
1594 973 1686 1020 Mo„
1709 973 1813 1009 unde
1842 973 1958 1009 simul

365 1041 561 1075 apparere,
588 1040 724 1066 omnes
748 1029 924 1065 homines
949 1029 1134 1065 senatorii
1165 1028 1308 1065 ordinis
1333 1039 1436 1074 esse3
1468 1040 1561 1067 nam
1591 1030 1655 1076 qui
1683 1030 1956 1076 paenultimam

363 1088 464 1122 inter
488 1098 556 1122 eos
579 1087 705 1122 locum
730 1089 878 1122 teneret
895 1087 934 1122 T.
953 1086 1128 1122 Maenius
1153 1086 1192 1121 T.
1210 1086 1233 1122 f.
1251 1086 1446 1131 Lemonia,
1472 1087 1638 1123 eundem
1654 1098 1689 1123 v.
1706 1087 1752 1123 61
1775 1087 1876 1124 inter
1899 1098 1958 1123 se-

365 1147 534 1190 natores,
561 1144 626 1190 qui
649 1144 852 1180 scribendo
882 1143 1094 1188 affuissent,
1112 1143 1246 1179 redire.
1348 1146 1374 1179 9
1399 1143 1474 1179 Aut
1491 1144 1654 1184 aedilem
1672 1144 1842 1181 curulem
1866 1154 1900 1181 a.
1913 1144 1957 1180 91

365 1202 506 1245 (Cicero
533 1201 579 1236 de
604 1212 656 1236 or.
676 1202 691 1237 1
709 1201 764 1246 13,
781 1202 838 1237 57.
875 1201 1074 1237 Drumann
1093 1201 1226 1237 Gesch.
1244 1201 1363 1236 Roms
1378 1201 1435 1235 112
1449 1201 1567 1244 32910)
1593 1203 1660 1237 aut
1683 1212 1771 1238 eum
1796 1203 1844 1238 M.
1860 1201 1960 1238 Mar·

366 1259 504 1294 cellum
530 1259 593 1304 qui
611 1258 797 1294 Cimbrico
824 1261 861 1293 et
877 1258 1040 1294 Marsico
1064 1259 1174 1294 bellis
1189 1258 1362 1294 interfuit
1385 1260 1424 1294 et
1447 1269 1471 1294 a
1488 1259 1672 1295 Cicerone
1687 1259 1794 1295 Bruti
1815 1259 1873 1304 36,
1889 1259 1958 1296 136

363 1316 400 1351 in
407 1319 463 1351 ter
480 1319 652 1351 oratores
672 1319 993 1351 commemoratur
1007 1316 1214 1360 (Drumann
1228 1316 1282 1351 112
1294 1315 1363 1352 339
1380 1326 1416 1351 n.
1428 1315 1484 1359 23)
1501 1315 1708 1361 significari
1723 1316 1873 1352 monuit
1887 1316 1959 1352 Mo.

364 1373 539 1419 Namque
565 1384 652 1408 cum
676 1374 740 1409 hic
764 1373 1024 1409 nobilissimus
1049 1376 1087 1408 et
1112 1375 1240 1409 aetate
1258 1372 1570 1418 provectissimus
1586 1374 1687 1409 inter
1709 1383 1845 1409 omnes
1868 1383 1960 1409 cou-

365 1430 529 1466 siliarios
554 1441 639 1466 esse
663 1430 857 1466 videretur
883 1434 927 1474 (v.
947 1433 1025 1466 not.
1043 1431 1076 1473 8)
1103 1431 1271 1476 reliquos
1300 1430 1401 1465 illius
1426 1430 1610 1475 temporis
1633 1430 1833 1466 Marcellos
1864 1432 1961 1466 natu

364 1487 533 1524 minores
559 1498 655 1533 esse,
681 1498 796 1533 quam
820 1491 863 1523 ut
887 1488 950 1523 hic
974 1488 1013 1523 in
1040 1498 1196 1523 censum
1213 1488 1398 1523 venirent.
1521 1490 1573 1524 10
1595 1488 1699 1523 Idem
1717 1487 1783 1534 qui
1805 1489 1962 1533 praetor

367 1547 502 1581 contra
528 1545 756 1590 Spartacum
781 1545 979 1590 pugnavit.
1026 1545 1061 1580 Is
1096 1545 1197 1580 enim
1227 1545 1375 1581 Clodius
1403 1545 1534 1581 Glaher
1555 1547 1717 1581 vocatur
1746 1544 1851 1590 apud
1874 1544 1960 1580 Flo-

365 1613 450 1638 rum
474 1602 544 1638 118
570 1602 712 1647 (11120),
728 1603 762 1647 4,
786 1602 934 1639 Clodius
959 1603 1062 1648 apud
1085 1602 1261 1639 Orosium
1287 1603 1317 1638 V
1333 1602 1389 1646 24,
1407 1603 1428 1637 1
1454 1604 1492 1637 et
1517 1602 1764 1638 Plutarchum
1781 1601 1906 1638 Crass.
1921 1601 1957 1637 9.

367 1659 588 1705 Cognomen
614 1660 782 1695 servavit
806 1659 961 1705 quidem
985 1659 1183 1705 Appianus
1210 1659 1416 1704 Civ.1116‚
1451 1660 1520 1694 sed
1551 1669 1678 1695 errore
1702 1658 1908 1694 manifesto
1933 1668 1958 1694 a

367 1716 497 1752 Clodio
524 1717 722 1752 transtulit
746 1717 785 1752 in
811 1718 852 1752 P.
871 1716 1083 1760 Varinium,
1109 1716 1172 1761 qui
1196 1716 1235 1751 in
1261 1716 1471 1752 earundem
1495 1727 1622 1751 rerum
1651 1717 1843 1761 gestarum
1862 1726 1958 1755 vnar-

365 1773 514 1809 ratione
534 1774 622 1809 alibi
639 1784 792 1819 semper
809 1774 892 1809 sine
911 1773 1138 1818 cognomine
1155 1775 1477 1808 commemoratur
1491 1772 1575 1816 (Cic.
1590 1783 1658 1817 pro
1675 1772 1813 1808 Flacco
1830 1771 1886 1818 19,
1898 1773 1955 1808 45.

366 1830 520 1865 Sallust.
538 1831 631 1865 Hist.
648 1831 695 1866 111
719 1831 775 1865 96.
800 1830 846 1866 98
869 1831 987 1865 Maur.
1005 1830 1081 1865 Liv.
1105 1831 1272 1874 perioch.
1290 1831 1313 1864 l.
1330 1829 1535 1865 LXXXXV.
1575 1828 1781 1865 Frontinus
1809 1828 1925 1865 Strat.
1941 1830 1958 1865 1

365 1887 399 1929 5,
416 1886 471 1920 22.
505 1887 603 1921 Plut.
623 1887 747 1922 Crass.
763 1887 808 1931 9).
857 1887 942 1921 Non
974 1887 1100 1922 minus
1133 1889 1279 1921 certum
1314 1889 1390 1931 est,
1422 1897 1589 1922 errorem
1615 1885 1773 1922 subesse
1798 1885 1839 1922 in
1862 1886 1958 1922 Livii

365 1943 564 1988 periocha,
595 1943 661 1978 ubi
691 1944 753 1978 ille
784 1946 939 1988 praetor
968 1944 1145 1979 Claudius
1175 1944 1333 1979 Pulcher
1363 1945 1536 1979 vocatur.
1585 1943 1656 1979 Illa
1690 1943 1737 1979 de
1769 1943 1957 1988 Spartaco

366 2002 474 2044 gesta
498 2002 588 2035 sunt
614 2000 784 2035 eiusdem
809 2000 901 2036 anni
917 2001 963 2035 73
979 2011 1081 2044 vere,
1107 2000 1216 2036 cuius
1232 2011 1365 2036 mense
1383 2000 1538 2037 Octobri
1553 2000 1642 2036 huic
1659 1999 1819 2036 consilio
1842 2000 1957 2036 inter-

367 2057 446 2092 fuit.
495 2057 691 2092 Plebeium
717 2057 833 2092 fuisse
859 2057 979 2092 tribus
1008 2057 1153 2093 indicat
1183 2058 1319 2093 eadem
1351 2068 1397 2093 ac
1424 2057 1669 2094 Claudiorum
1691 2057 1956 2093 Marcellorum

365 2117 410 2157 (v.
420 2115 453 2149 6.
467 2114 510 2158 7),
529 2125 615 2150 cum
632 2125 726 2159 gens
743 2114 903 2159 patricia
918 2114 1078 2150 Claudia
1094 2115 1133 2150 in
1146 2115 1325 2150 Palatina
1341 2108 1455 2150 fuerit
1471 2115 1695 2159 (Mommsen
1712 2113 1769 2150 SB
1781 2113 1847 2150 ΑΚ.
1858 2114 1956 2150 Berl.

366 2171 467 2215 1895,
484 2171 574 2215 894).
623 2171 775 2207 Patrem
800 2172 1030 2217 Borghesius
1056 2173 1226 2208 Oeuvres
1242 2172 1274 2207 II
1298 2183 1333 2216 p.
1350 2171 1418 2207 317
1443 2171 1608 2207 coniecit
1631 2171 1830 2207 consulem
1863 2171 1956 2207 anni

365 2228 433 2264 130
458 2239 553 2273 esse,
580 2229 644 2273 qui
669 2240 692 2264 a
718 2229 899 2264 Cicerone
926 2229 972 2265 de
998 2229 1095 2275 legg.
1113 2229 1234 2273 11119,
1250 2229 1297 2264 42
1326 2229 1445 2266 Gaius
1468 2228 1615 2264 dicitur.
1645 2228 1834 2264 Muenzer.

414 2288 459 2320 11
488 2285 549 2321 Sic
573 2286 750 2321 Latinum
774 2286 976 2332 Pomptina
999 2286 1162 2322 reddidit
1185 2286 1385 2332 interpres,
1410 2286 1575 2322 fortasse
1602 2286 1856 2322 stommtinae
1885 2295 1955 2321 no-

364 2343 465 2378 mine
489 2343 529 2378 in
555 2353 720 2378 errorem
753 2344 944 2379 inductus.
993 2344 1098 2379 Idem
1128 2344 1321 2379 habesin
1353 2343 1693 2379 senatusconsulto
1721 2353 1782 2388 ap.
1799 2342 1955 2379 Viereck

365 2401 482 2435 Serm.
501 2401 560 2436 Gr.
578 2400 643 2436 XV
660 2401 715 2435 25.
764 2401 813 2435 At
839 2401 939 2445 apud
961 2401 1167 2445 Iosephum
1193 2401 1294 2446 quod
1319 2402 1493 2445 corrupte
1517 2400 1654 2446 legitur
1668 2399 1790 2435 tribus
1813 2409 1956 2435 nomen

364 2457 512 2493 Μεντίνα
538 2458 635 2501 (Ant.
653 2457 735 2493 XIII
752 2458 831 2501 260)
857 2458 995 2493 iniuria
1023 2458 1098 2493 huc
1131 2458 1294 2493 traxisse
1318 2457 1472 2492 videtur
1495 2458 1562 2493 Ba.
1610 2456 1653 2492 Id
1682 2456 1785 2492 enim
1816 2459 1885 2492 aut
1907 2466 1956 2491 ex

362 2514 571 2560 Τρομεντίνα
596 2517 662 2550 aut
686 2526 734 2551 ex
751 2514 907 2562 Μενηνία
931 2517 1066 2550 natum
1091 2525 1176 2550 esse
1193 2517 1297 2550 recte
1320 2515 1497 2550 statuunt
1513 2514 1691 2549 editores.
1789 2515 1839 2549 12
1863 2513 1954 2549 Sine

364 2571 482 2607 dubio
507 2574 663 2616 praetor
689 2583 722 2607 a.
741 2573 797 2616 75,
823 2572 887 2617 qui
902 2572 1069 2607 Siciliam
1095 2582 1163 2616 pro
1188 2574 1364 2617 praetore
1389 2570 1550 2607 obtinuit
1575 2572 1667 2606 ante
1682 2570 1835 2606 Verrem
1853 2569 1956 2613 (Dru-

363 2629 570 2665 mann21v
587 2629 655 2664 212
680 2641 717 2664 n.
736 2629 803 2672 22).
836 2629 903 2664 Ba.
952 2630 1105 2665 Verrem
1139 2640 1173 2664 a.
1190 2629 1236 2663 73
1267 2628 1307 2663 in
1338 2627 1576 2673 provinciam
1604 2627 1756 2663 venisse
1786 2628 1954 2670 constat,

366 2696 442 2729 qua
468 2696 554 2720 cum
580 2697 620 2721 re
647 2686 829 2721 convenit
854 2686 956 2731 quod
980 2697 1079 2730 eum,
1106 2685 1167 2721 cui
1189 2685 1253 2721 ille
1277 2684 1479 2729 successit,
1510 2694 1644 2720 mense
1669 2683 1825 2720 Octobri
1856 2684 1954 2719 eius-

367 2742 454 2776 dem
481 2743 574 2777 anni
598 2753 730 2777 rursus
754 2743 903 2778 Romae
928 2743 1046 2778 fuisse
1070 2743 1133 2777 hic
1156 2742 1343 2777 videmus.
1376 2743 1450 2778 Mo.
1571 2743 1620 2776 13
1645 2741 1767 2776 Homo
1790 2740 1953 2785 ignotus,
2024 2791 2027 2794 Ι

364 2797 450 2840 ipsa
475 2808 568 2842 gens
594 2800 787 2835 rarissime
814 2802 1148 2835 commemoratur.
1181 2799 1235 2834 W.
1254 2799 1416 2835 Schulze
1439 2799 1520 2834 Lat.
1538 2797 1693 2843 Eigenn.
1709 2797 1810 2833 523².
1849 2796 1952 2833 Idem

365 2863 508 2888 nomen
541 2854 690 2890 videtur
713 2857 879 2892 Volscius
912 2857 1012 2902 apud
1037 2857 1183 2892 Livium
1201 2856 1248 2891 ΠΙ
1265 2856 1319 2891 13.
1351 2855 1424 2891 Mo.
1545 2857 1596 2890 14
1626 2853 1728 2890 Gens
1758 2853 1859 2889 iuter
1885 2863 1953 2888 no-

364 2910 461 2946 biles
487 2911 663 2947 homines
689 2914 889 2950 Romanos
915 2914 1006 2949 alibi
1030 2924 1109 2949 non
1135 2915 1333 2958 comparet
1356 2912 1431 2948 nisi
1455 2911 1556 2957 quod
1579 2912 1627 2947 M.
1644 2909 1784 2946 Plautii
1805 2909 1954 2945 Silvani

364 3022 452 3065 428
