2040 3216
349 173 428 210 724.
894 176 1128 212 Rhodiorum
1155 178 1386 214 sacerdotes.
1720 179 1788 215 106
1801 190 1880 226 sqq.
1899 192 1935 217 a.

349 312 524 358 margine
549 313 699 349 initium
724 314 890 359 capiant.
932 315 1008 350 Sed
1031 315 1071 350 in
1091 317 1299 361 exemplari
1317 316 1416 363 typis
1434 315 1684 352 exscribendo
1703 317 1942 354 commodius

347 370 474 405 visum
500 372 557 405 est
585 379 720 406 omnes
744 370 783 406 in
808 371 1000 408 sinistrum
1025 373 1238 418 marginem
1262 372 1416 410 reicere.
1465 374 1520 410 De
1546 375 1674 410 aetate
1699 374 1747 410 cf.
1767 375 1817 410 ad
1841 374 1943 411 vice-

348 427 486 463 simum
518 427 690 463 alterum.
825 431 842 464 1
872 429 927 466 Cf.
952 429 1092 466 Strabo
1109 430 1190 466 XIII
1206 431 1276 466 613
1294 428 1421 467 Ῥόδιοι
1451 431 1489 467 δὲ
1505 429 1706 479 Ἐρυθιβίου
1731 430 1942 471 Ἀπόλλωνος

350 485 484 533 ἔχουσιν
511 486 545 520 ἐν
569 487 612 535 τῇ
643 487 744 534 χώρᾳ
777 486 876 534 ἱερόν,
907 488 969 534 τὴν
996 488 1155 535 ἐρυσίβην
1180 488 1365 528 καλοῦντες
1397 489 1571 536 ἐρυθίβην.
1619 486 1942 536 Ηθεγοὴ.Ἐρεθύ-

351 552 445 587 μιος·
472 543 489 578 ὁ
507 539 679 579 Ἀπόλλων
696 543 790 590 παρὰ
803 542 957 589 Λυκίοις,
975 544 1034 580 ’καὶ
1051 544 1152 592 ἑορτὴ
1163 542 1365 593 ’Epetium
1390 545 1460 581 Ro.
1497 546 1674 582 Ceterum
1691 557 1769 582 non
1786 545 1944 592 publica

348 599 518 635 'universi
541 599 673 645 populi
687 599 923 636 Rhodiorum
946 600 1100 637 fuerunt
1115 602 1214 638 haec
1232 613 1358 648 sacra,
1382 603 1452 639 sed
1469 602 1636 640 civitatis
1653 602 1944 649 Camirensium,

349 660 392 691 ut
416 667 536 702 pagos
562 667 722 702 quorum
748 657 1026 702 appellationes
1046 659 1268 695 nominibus
1286 659 1447 705 propriis
1463 660 1709 696 sacerdotum
1726 659 1944 696 adiciuntur

351 723 485 749 omnes
515 713 595 759 agri
619 713 852 750 Camirensis
884 725 969 751 esse
1003 718 1200 761 appareat.
1328 720 1354 752 2
1379 716 1512 753 Feriae
1537 717 1723 762 Apollinis
1746 717 1944 753 Erethimii

350 768 547 817 (Ἐρεθύμια
573 769 677 816 apud
698 771 862 816 Hesych.
881 774 961 808 not.
978 773 1022 816 1).
1063 773 1160 809 Nam
1187 785 1257 810 eae
1283 774 1389 810 solae
1414 774 1476 810 hic
1500 784 1607 811 mero
1632 775 1789 810 nomine
1815 775 1944 820 appel-

350 827 470 863 lativo
496 827 702 873 significari
725 831 915 874 poterant.
963 829 1128 867 Alternis
1157 831 1268 866 annis
1294 834 1404 867 actas
1428 842 1514 868 esse
1539 834 1708 878 apparet.
1758 831 1834 867 Sed
1856 834 1944 877 post

354 895 499 920 annum
525 884 700 930 quintum
725 895 803 921 non
827 887 989 923 redeunt
1012 886 1086 923 nisi
1108 887 1198 924 inde
1224 899 1247 924 a
1263 888 1448 934 vigesimo
1474 888 1606 925 altero.
1645 889 1790 925 Attum
1808 889 1858 925 ab
1874 889 1945 924 im-

351 941 507 987 paribus
533 952 658 978 annos
681 943 721 978 in
745 953 858 988 pares
884 943 1120 980 transsiliunt
1145 945 1211 988 (22.
1227 945 1284 981 24.
1301 945 1357 991 28,
1384 957 1418 982 a.
1427 945 1474 981 26
1496 956 1602 982 mero
1627 956 1753 982 errore
1777 945 1945 982 omissae

352 999 551 1044 videntur),
577 998 685 1035 cuius
709 999 765 1036 rei
789 1011 911 1037 causa
935 1001 1066 1037 nescio
1093 1012 1144 1037 an
1169 1001 1219 1037 ad
1243 1002 1383 1038 bellum
1410 1005 1496 1047 (not.
1515 1003 1549 1047 8)
1574 1002 1778 1039 referenda
1802 1002 1862 1039 sit.

396 1058 421 1091 3
446 1056 573 1102 Suppl.
591 1057 690 1093 Dttb.
710 1060 749 1093 et
766 1058 819 1103 G.‚
843 1058 940 1094 sicut
958 1058 1071 1095 annis
1088 1059 1143 1095 13.
1162 1060 1219 1095 15.
1236 1060 1291 1095 17.
1309 1059 1365 1095 19.
1382 1060 1439 1095 23.
1456 1060 1512 1096 25.
1549 1060 1630 1096 Hae
1647 1060 1768 1096 feriae
1786 1060 1943 1096 alternis

353 1114 465 1149 annis
490 1116 612 1159 actae,
639 1125 734 1160 quas
761 1126 795 1151 a.
809 1115 842 1151 1.
858 1116 893 1151 3.
911 1117 942 1151 7.
960 1115 992 1151 9.
1010 1116 1066 1152 11.
1084 1117 1141 1152 21.
1160 1117 1204 1152 27
1229 1118 1365 1164 notare
1388 1117 1641 1163 neglexerunt
1661 1117 1893 1163 sacerdotes,
1920 1128 1944 1153 a

351 1172 537 1217 panegyri
554 1172 740 1217 Apollinis
763 1172 893 1219 utique
916 1172 1208 1218 distinguendae
1227 1177 1272 1218 (v.
1285 1173 1446 1219 23—28),
1470 1174 1720 1220 probabiliter
1736 1175 1788 1211 ad
1801 1174 1946 1211 Bacchi

352 1239 475 1274 sacra,
506 1230 546 1265 in
580 1229 717 1275 quibus
748 1229 940 1266 trieterica
972 1230 1164 1267 sollennia
1187 1230 1495 1277 frequentissima
1519 1232 1641 1276 erant,
1671 1231 1818 1268 relatae
1843 1234 1945 1278 sunt,

352 1286 438 1322 coll.
456 1297 526 1322 ara
540 1286 590 1322 IG
606 1287 673 1322 XII
689 1287 843 1332 1,15540
865 1289 923 1323 καὶ
948 1288 1176 1335 στεφανωθεὶς
1192 1308 1239 1314 -
1253 1289 1413 1336 χρυσέοις
1438 1289 1614 1336 στεφάνοις
1639 1289 1715 1324 δυσὶ
1740 1289 1776 1324 ἐν
1795 1293 1852 1325 τᾶι
1876 1296 1944 1325 τῶν

354 1343 536 1392 Βακχεὶων
559 1344 729 1392 ὑποδοχᾶι
752 1346 840 1380 κατὰ
863 1345 1072 1392 τριετηρίδα,
1097 1344 1246 1392 ἀνέθηκε
1267 1346 1451 1393 τριετηρίσι
1473 1346 1532 1382 καὶ
1551 1352 1614 1381 τῶι
1637 1352 1767 1391 κοινῶι,
1793 1346 1839 1383 cf.
1855 1343 1944 1382 Ath.

354 1401 448 1437 Mitt.
465 1400 565 1438 XXV
583 1401 685 1445 1900,
704 1400 880 1446 108,107.
1025 1405 1052 1437 4
1075 1402 1170 1438 Ludi
1194 1402 1515 1449 quinquennales,
1540 1402 1603 1449 qui
1626 1405 1811 1446 notantur
1835 1404 1947 1439 annis

356 1458 460 1494 7.15.
479 1459 533 1494 19.
551 1459 608 1503 23,
634 1458 859 1495 omittuntur
884 1470 919 1495 a.
934 1459 990 1495 11.
1008 1460 1053 1495 27
1078 1462 1125 1505 et,
1150 1460 1183 1496 si
1206 1459 1321 1496 modo
1347 1462 1429 1496 tum
1445 1459 1523 1496 iam
1539 1459 1702 1496 instituti
1717 1462 1839 1505 erant,
1865 1471 1899 1496 a.
1911 1460 1946 1496 3.

354 1507 542 1551 Wissowa
568 1516 648 1552 Rel.
666 1516 745 1552 und
768 1516 902 1552 Kultus
930 1517 998 1552 der
1019 1516 1183 1552 Romer2
1203 1517 1305 1553 3393.
1353 1517 1408 1554 Cf.
1426 1519 1506 1553 not.
1522 1516 1555 1553 8.
1697 1519 1722 1552 5
1753 1515 1946 1563 Διπανάμια

356 1574 498 1609 vocata
522 1575 609 1609 sunt
628 1573 727 1609 Solis
750 1584 873 1619 sacra,
899 1575 990 1620 quia
1005 1574 1145 1610 Rhodii
1169 1576 1306 1620 quarto
1331 1584 1481 1620 quoque
1507 1584 1611 1610 anno
1635 1584 1809 1610 mensem
1831 1573 1946 1610 inter-

357 1631 525 1666 calarem
549 1630 763 1667 Panamum
795 1632 957 1667 alterum
990 1631 1189 1668 habebant
1219 1641 1340 1677 eoque
1364 1631 1500 1667 Haliea
1525 1630 1705 1676 agebant.
1756 1631 1947 1667 Permirus

355 1698 449 1723 sane
466 1687 725 1724 intercalandi
741 1689 881 1734 cyclus,
907 1689 968 1724 cui
990 1699 1117 1735 neque
1140 1699 1228 1724 cum
1254 1688 1334 1724 sole
1358 1698 1484 1734 neque
1510 1698 1598 1724 cum
1621 1687 1715 1724 luna
1739 1689 1947 1727 convenire

354 1748 515 1790 poterat.
574 1746 684 1791 Quod
711 1757 745 1782 v.
764 1746 809 1781 19
845 1746 947 1782 idem
986 1746 1217 1782 vocabulum
1254 1745 1400 1781 nomini
1437 1746 1606 1795 τριετηρίς
1645 1744 1871 1791 adiungitur,
1907 1745 1947 1781 id

354 1802 494 1848 utique,
526 1803 558 1838 si
581 1803 696 1839 modo
720 1803 799 1839 ulla
830 1804 865 1839 ei
898 1814 984 1839 cum
1008 1803 1263 1839 intercalandi
1285 1803 1434 1838 ratione
1467 1802 1712 1838 necessitudo
1735 1801 1946 1846 intercedit,
2023 1800 2026 1804 ’

357 1860 406 1895 ad
432 1869 596 1895 errorem
620 1860 861 1895 referendum
884 1863 951 1896 est.
991 1860 1090 1896 Nam
1114 1860 1154 1895 in
1177 1861 1283 1895 nullo
1309 1860 1416 1905 cyclo
1443 1859 1517 1895 duo
1542 1861 1735 1894 ternorum
1761 1858 1945 1894 denorum

357 1916 547 1952 mensium
575 1916 668 1951 anni
700 1927 742 1952 se
777 1916 952 1962 excipere
977 1919 1148 1962 possunt.
1183 1916 1284 1952 Dttb.
1334 1916 1394 1960 [At
1419 1917 1502 1962 quis
1530 1916 1640 1951 novit
1668 1925 1803 1952 omnes
1833 1915 1946 1951 inter-

358 1973 514 2009 calandi
542 1972 678 2009 modos
707 1972 772 2019 qui
796 1973 952 2009 Graecis
976 1974 1232 2018 placuerunt?
1270 1973 1338 2018 Hi.]
1447 1975 1473 2008 6
1498 1973 1689 2009 Maxlmae
1716 1972 1836 2008 feriae
1862 1972 1947 2008 uni-

357 2030 454 2066 versi
470 2030 602 2075 populi
617 2029 864 2075 Rhodiorum,
884 2041 978 2076 quas
995 2030 1300 2076 quinquennales
1317 2030 1436 2066 fuisse
1460 2030 1523 2066 hic
1547 2030 1677 2066 titulus
1696 2028 1835 2075 docuit,
1859 2039 1947 2065 cum

360 2090 478 2123 antea
505 2098 528 2122 a
555 2087 750 2122 nonnullis
781 2098 934 2123 annuae
964 2087 1206 2124 existimatae
1235 2089 1375 2123 essent.
1415 2086 1639 2133 Diligentius
1662 2087 1737 2123 hae
1764 2088 1949 2123 notantur

358 2155 473 2190 quam
497 2144 601 2180 ullae
627 2144 739 2189 aliae;
760 2155 852 2180 nam
877 2154 954 2180 uno
980 2145 1114 2180 anno4
1137 2144 1371 2190 omittuntur,
1396 2146 1596 2190 praeterea
1619 2144 1759 2191 ubique
1785 2147 1829 2188 (a.
1839 2143 1873 2180 8.
1889 2145 1946 2179 12.

358 2202 414 2238 16.
431 2201 486 2237 20.
505 2201 560 2237 24.
577 2201 634 2244 28)
659 2204 894 2247 comparent.
929 2202 970 2238 V.
984 2202 1029 2237 17
1052 2201 1259 2238 manifesto
1277 2212 1477 2248 perperam
1494 2212 1542 2238 ex
1557 2201 1727 2247 proxime
1752 2200 1947 2247 superiore

356 2269 471 2294 versu
494 2258 694 2304 repetitum
725 2261 783 2294 est
806 2270 960 2295 nomen.
1114 2261 1138 2295 ¹7
1164 2259 1293 2305 Suppl.
1310 2259 1367 2294 Hi.
1402 2259 1489 2295 Ath.
1505 2259 1598 2294 Mitt.
1615 2258 1699 2294 XXI
1713 2259 1792 2294 55⁴.

405 2318 431 2351 8
458 2316 549 2352 Cum
566 2315 690 2351 Paton
707 2317 802 2353 Bull.
813 2317 908 2352 Hell.
921 2316 1002 2353 XIV
1018 2317 1120 2362 1890,
1138 2317 1206 2353 284
1224 2317 1271 2352 de
1287 2317 1547 2352 Romanorum
1565 2318 1701 2352 contra
1716 2311 1946 2351 Antiochum

358 2374 497 2409 bellum
532 2373 793 2417 intellexisset,
825 2373 1014 2410 Holleaux
1043 2374 1174 2409 Revue
1202 2374 1290 2419 phil.
1308 2374 1406 2410 XVII
1422 2373 1491 2409 180
1525 2375 1562 2409 et
1589 2372 1646 2408 Hi.
1672 2372 1867 2409 evicerunt
1897 2371 1945 2407 de

358 2430 586 2466 Mithridatis
609 2431 734 2476 potius
753 2431 1038 2477 oppugnatione
1057 2431 1228 2477 (Appian.
1246 2431 1369 2467 Mithr.
1387 2431 1442 2467 26.
1460 2431 1516 2475 27)
1541 2430 1625 2466 dici.
1656 2429 1805 2466 Etenim
1821 2438 1947 2475 neque

357 2488 570 2523 litteratura
595 2490 675 2524 tam
695 2488 895 2534 antiquum
911 2489 1013 2524 hunc
1029 2499 1230 2524 recensum
1246 2488 1382 2524 haberi
1402 2488 1555 2533 patitur,
1581 2497 1697 2533 quam
1714 2487 1839 2523 Paton
1854 2486 1946 2531 volt,

360 2555 483 2590 neque
505 2544 675 2581 Rhodios
699 2545 776 2581 iam
802 2546 871 2581 sub
896 2546 1012 2582 finem
1037 2546 1137 2581 tertii
1160 2557 1195 2582 a.
1207 2546 1289 2582 Chr.
1303 2557 1341 2581 n.
1355 2545 1501 2581 saeculi
1518 2541 1677 2590 Ῥωμαῖα
1699 2543 1815 2579 ferias
1841 2542 1948 2588 quin-

360 2602 570 2647 quennales
600 2602 781 2638 habuisse
810 2603 1006 2648 probabile
1036 2604 1104 2638 est.
1154 2602 1267 2638 Modo
1297 2603 1347 2639 ad
1374 2612 1510 2648 pacem
1542 2611 1663 2647 usque
1690 2599 1862 2636 Dardani
1895 2610 1946 2635 m.

360 2659 528 2703 Augusto
549 2659 638 2695 a.85
662 2659 805 2695 factam
824 2660 901 2703 (Th.
914 2660 1088 2695 Reinach
1105 2659 1225 2695 Mithr.
1239 2660 1330 2704 Eup.
1344 2659 1435 2695 1992
1449 2669 1547 2695 vers.
1566 2659 1746 2704 german.)
1770 2656 1850 2692 iure
1874 2665 1945 2691 suo

362 2715 560 2750 descendit
582 2716 646 2752 Ge.
694 2716 749 2752 De
773 2727 870 2761 pace
890 2717 981 2752 anni
997 2717 1042 2752 42
1065 2717 1105 2752 in
1130 2716 1269 2752 basin.
1286 2715 1355 2751 760
1372 2715 1511 2752 diserte
1529 2715 1830 2751 commemorata
1846 2712 1946 2758 cogi-

360 2773 442 2805 tare
467 2772 667 2808 noluimus.
784 2775 810 2808 9
841 2774 984 2809 Locum
1008 2773 1234 2809 tributorum
1260 2773 1463 2809 atticorum
1487 2771 1663 2808 laterculi
1689 2769 1945 2816 (1G1265a14)

361 2827 602 2874 Βρικινδάριοι,
627 2830 796 2866 Herodes
820 2830 907 2865 1157
932 2830 1139 2879 Βρικίνδηρα
1164 2832 1287 2875 vocat,
1314 2840 1399 2865 cum
1423 2829 1598 2875 Lynceus
1622 2827 1774 2864 Samius
1798 2825 1942 2871 (Athen.

360 2883 407 2918 ῙῙῙ
420 2883 530 2927 10911)
557 2885 699 2933 ἰσχάδας
715 2886 979 2936 Βρυγινδαρίδας
1005 2887 1372 2923 commemoraverit.
1412 2886 1513 2923 Situs
1537 2895 1654 2931 prope
1678 2885 1766 2922 hod.
1782 2881 1944 2931 Ἀφάντου

360 2985 444 3027 382
1731 2971 1763 3003 ⁸
1807 2984 1809 2986 ’
