2040 3216
384 194 454 231 903
473 195 552 232 OD.
577 195 656 232 904.
763 195 1039 233 Constantinus
1054 196 1096 232 II.
1147 196 1351 233 Constans.
1398 197 1600 234 Macarius.
1755 198 1823 236 337
1836 211 1916 247 sqq.
1935 211 1973 246 p.

478 335 520 379 0.
555 335 613 378 D.
659 335 976 379 Constantinus
1004 336 1060 392 Π,
1099 349 1179 379 (3.3.
1208 335 1306 380 337.
1375 336 1596 381 Constans
1637 351 1676 381 a.
1707 337 1794 381 338
1811 352 1875 394 sq.
1913 365 1971 372 —

388 398 426 435 0.
451 398 495 434 In
518 398 657 434 bathro
674 398 855 443 calcario,
881 398 980 444 cippi
1003 399 1124 444 figura
1149 398 1214 442 (tit.
1231 399 1270 434 in
1295 401 1405 444 parte
1422 399 1600 445 sinistra),
1625 401 1688 437 cui
1710 398 1828 438 antea
1849 402 1971 448 impo-

382 456 458 492 sita
483 457 567 491 erat
595 457 726 491 statua
750 455 936 492 Hadriani
967 467 1003 492 n.
1020 456 1132 492 8293
1152 456 1218 500 (tit.
1242 458 1281 492 in
1314 457 1462 501 fronte).
1487 478 1535 484 -
1557 458 1602 494 D.
1626 457 1669 494 In
1698 459 1838 495 bathro
1870 469 1972 496 mar-

381 524 515 550 moreo
540 513 641 559 cippi
665 513 789 559 figura
821 513 886 557 (tit.
910 513 950 549 in
975 516 1083 559 parte
1117 517 1279 559 aversa),
1311 514 1374 560 qui
1404 517 1522 551 antea
1552 517 1775 561 portaverat
1798 518 1968 553 statuam

381 571 555 617 ignotam
582 573 621 606 et
646 573 738 606 ‘ante
761 571 863 606 hanc
894 571 1001 607 illam
1026 571 1178 608 Vibullii
1202 571 1495 617 Polydeucionis
1519 584 1557 608 n.
1573 572 1642 609 861
1676 573 1741 618 (tit.
1756 573 1798 609 in
1820 573 1970 619 fronte).

381 628 589 674 Utrumque
615 628 750 672 (o-D)
776 628 834 664 ed.
851 628 1024 665 Homolle
1049 630 1144 665 Bull.
1161 629 1256 665 Hell.
1274 629 1341 664 XX
1358 629 1460 675 1896,
1477 630 1556 666 729.

388 699 434 742 G.
464 699 561 755 [τὸν]
589 699 726 756 κύριον
757 701 873 765 ἡμῶν
892 698 897 756 Ι
915 699 1095 757 [ἐ]πιφα-
1250 699 1307 751 D.
1339 699 1404 743 τὸν
1435 701 1570 758 κόριον
1600 704 1718 758 ἡμῶν

465 769 688 810 νέστατον4
705 767 710 826 Ι
728 766 923 824 Καίσαρα
955 766 1161 826 Φλάβιονί
1339 770 1627 827 ἐπειφανέστα-
1651 776 1725 819 (sic)

463 835 911 892 [[(Κ)ω(στ)α(ντ)ζνον]]5
942 839 968 894 ἡ
1003 836 1113 894 ἱερὰ,
1338 854 1405 880 τον
1436 837 1665 895 Αὔγουστον
1697 838 1912 897 Φλάβ[ιον]

465 906 635 963 Δελφῶν
665 908 793 961 πόλις,
825 905 916 963 τὸνΙ
1337 905 1544 950 Κώστανθ
1572 909 1598 964 ἡ
1632 906 1721 965 ἱερὰ
1752 908 1853 951 Δελ-

380 979 403 1015 5
465 976 612 1031 ἑαυτῆς
644 977 851 1031 δεσπότην.
1337 979 1426 1033 φῶν
1457 978 1583 1024 πόλις.
1943 983 1967 1018 5

380 1078 506 1124 cipum
521 1078 526 1125 Ι
542 1079 791 1114 maximorum
809 1078 812 1125 Ι
828 1078 1110 1124 FLGrepereius
1127 1080 1198 1114 etc.
1230 1079 1481 1124 Intellegendi
1498 1081 1589 1114 sunt
1603 1078 1681 1124 filii,
1698 1089 1751 1115 sc.
1765 1079 1966 1116 Caesares:

385 1136 547 1182 Crispus,
566 1138 681 1172 natus
697 1147 767 1172 c.a.
784 1136 864 1181 307,
883 1136 1027 1172 Caesar
1042 1147 1091 1172 m.
1108 1137 1216 1172 Mart.
1233 1137 1314 1181 317,
1331 1138 1493 1172 necatus
1510 1137 1638 1182 a.326;
1661 1137 1976 1174 Comminusfl

381 1194 439 1238 (cf.
459 1194 513 1228 tit.
537 1193 591 1238 Ο),
623 1197 739 1229 natus
767 1205 816 1229 m.
841 1194 948 1229 Febr.
966 1194 1047 1238 317,
1082 1193 1227 1230 Caesar
1255 1204 1305 1230 m.
1329 1194 1438 1230 Mart.
1455 1194 1544 1239 317;
1573 1194 1819 1239 Constantius,
1851 1197 1967 1231 natus

379 1262 429 1287 m.
447 1251 543 1297 Aug.
559 1252 640 1296 317,
659 1252 805 1288 Caesar
823 1262 857 1287 a.
874 1252 959 1296 3243
982 1251 1162 1288 Constans
1179 1252 1237 1296 (cf.
1256 1251 1311 1288 tit.
1322 1252 1380 1295 D),
1398 1254 1512 1288 natus
1530 1263 1564 1288 a.
1581 1251 1660 1296 323,
1679 1251 1823 1288 Caesar
1839 1262 1873 1288 a.
1886 1252 1967 1289 337.

380 1308 434 1344 Cf.
452 1309 565 1344 Niese
592 1309 750 1345 Grundr.
768 1310 812 1346 R.
831 1310 871 1346 G.
888 1309 957 1345 391
967 1320 1022 1355 sq.
1069 1309 1201 1355 Itaque
1235 1311 1386 1346 statuae
1410 1310 1445 1345 A
1477 1312 1515 1345 et
1538 1310 1574 1345 B
1601 1312 1702 1346 certe
1733 1312 1819 1355 post
1846 1321 1880 1347 a.
1897 1310 1967 1346 317

380 1368 543 1410 erectae,
569 1368 606 1402 et
630 1377 718 1402 cum
743 1366 782 1402 in
800 1367 841 1411 Β,
864 1366 901 1411 0,
921 1367 955 1401 D
970 1367 1130 1402 verbum
1153 1367 1269 1413 κύριος
1293 1368 1505 1412 usurpetur,
1529 1367 1678 1403 titulum
1694 1367 1731 1403 B
1753 1366 1864 1404 annis
1887 1367 1968 1403 fere

379 1423 553 1468 328—37‚
580 1434 669 1469 ergo
694 1423 749 1459 tit.
767 1423 801 1458 A
826 1423 904 1459 fere
930 1435 964 1460 a.
981 1424 1144 1460 318—27
1170 1424 1344 1460 tribuam.
1448 1427 1475 1459 4
1501 1425 1596 1461 Cum
1623 1425 1694 1460 titt.
1717 1423 1748 1460 G
1767 1426 1805 1460 et
1827 1424 1863 1459 D
1885 1423 1965 1460 fere

379 1481 636 1526 consentiant,
660 1482 696 1516 D
711 1492 802 1516 vero
828 1483 917 1526 post
942 1493 975 1517 a.
992 1482 1060 1517 337
1076 1481 1219 1518 incisus
1243 1481 1293 1517 sit
1317 1484 1406 1526 (not.
1422 1481 1466 1525 6),
1484 1481 1654 1528 sequitur
1670 1481 1786 1518 etiam
1806 1481 1838 1518 0
1849 1492 1965 1528 quam

378 1540 545 1574 maxime
584 1550 670 1575 esse
707 1539 994 1584 detrudendum,
1025 1550 1121 1575 sane
1152 1550 1230 1574 non
1260 1539 1363 1574 ultra
1386 1549 1420 1575 a.
1437 1539 1517 1584 337,
1549 1539 1656 1574 cuius
1684 1550 1735 1575 m.
1753 1539 1966 1584 Septembri

379 1595 654 1632 Constantinus
671 1597 702 1631 11
725 1607 805 1632 una
830 1607 916 1631 cum
941 1597 1122 1632 fratribus
1146 1607 1287 1632 nomen
1311 1596 1519 1641 Augustus,
1545 1595 1646 1642 quod
1669 1595 1733 1631 hic
1757 1596 1876 1641 deest,
1901 1607 1965 1632 ac-

378 1654 490 1698 cepit.
519 1654 651 1699 Itaque
673 1653 704 1689 Ο
724 1653 888 1689 fortasse
914 1653 1001 1689 huic
1025 1654 1099 1699 ipsi
1123 1665 1228 1690 anno
1245 1654 1312 1689 337
1338 1654 1438 1689 inter
1461 1653 1494 1689 d.
1513 1653 1559 1688 22
1582 1664 1632 1689 m.
1649 1653 1740 1689 Maii
1759 1656 1848 1699 (quo
1867 1654 1965 1690 Con-

378 1711 573 1746 stantinus
591 1712 638 1747 M.
653 1710 828 1755 decessit)
843 1713 881 1747 et
897 1711 931 1747 d.
944 1711 966 1746 9
979 1722 1028 1747 m.
1043 1711 1145 1756 Sept.
1162 1715 1246 1757 (quo
1261 1711 1419 1757 Augusti
1437 1710 1630 1756 appellati)
1648 1710 1877 1756 perscriptus
1893 1713 1963 1746 est.

424 1771 449 1803 5
475 1768 656 1814 Supplevi
679 1779 821 1804 nomen
847 1779 1012 1814 erasum,
1037 1769 1076 1804 in
1101 1780 1175 1815 quo
1201 1771 1309 1806 Hom.
1335 1770 1552 1805 dubitanter
1574 1767 1718 1811 haesit;
1744 1778 1836 1803 nam
1860 1770 1963 1813 post-

378 1836 491 1871 quam
513 1825 788 1862 Constantinus
804 1825 836 1861 ΙΙ
849 1826 887 1861 in
904 1825 1004 1861 bello
1024 1829 1159 1862 contra
1178 1827 1427 1863 Constantem
1445 1827 1554 1871 gesto
1570 1835 1619 1860 m.
1631 1824 1747 1870 Aprili
1762 1824 1963 1860 3401333·-

376 1883 499 1918 fectus
523 1885 593 1927 est,
618 1882 813 1918 Constans
836 1883 1061 1918 memoriam
1078 1883 1206 1919 fratris
1228 1886 1271 1919 ut
1294 1883 1417 1919 hostis
1432 1882 1573 1928 publici
1589 1881 1729 1917 delevit
1745 1892 1962 1928 nomenque

378 1951 399 1975 e
425 1939 546 1975 titulis
572 1939 679 1975 eradi
702 1939 827 1983 iussit;
855 1940 901 1974 cf.
919 1940 998 1975 R-E
1015 1940 1063 1976 IV
1081 1941 1183 1977 1028.
1293 1943 1319 1975 6
1344 1939 1410 1976 Tit.
1427 1940 1463 1975 D
1486 1939 1735 1984 neglegenter
1756 1939 1899 1974 incisus
1921 1940 1962 1975 in

376 1998 463 2033 loco
494 1996 754 2042 inscriptionis
785 1997 983 2032 cuiusdam
1016 2007 1150 2032 erasae
1184 2001 1317 2043 (aeque
1350 1999 1504 2032 statuae
1537 1995 1585 2031 ab
1614 1995 1708 2031 urbe
1732 1995 1961 2042 Delphorum

375 2055 546 2100 positae),
572 2055 682 2089 cuius
706 2053 826 2089 verba
849 2053 948 2090 inter
972 2053 1142 2099 singulos
1166 2065 1301 2090 versus
1333 2057 1373 2090 et
1395 2054 1434 2090 in
1459 2054 1535 2089 fine
1561 2052 1858 2099 conspiciuntur.
1903 2053 1962 2090 Ad

376 2122 519 2148 nomen
537 2111 733 2160 Αὔγουστος
759 2114 886 2156 (supra
909 2121 944 2145 v.
960 2111 983 2146 3
1000 2110 1183 2153 additum)
1203 2122 1272 2156 pro
1291 2111 1459 2159 Σεβαστός
1481 2113 1707 2156 usurpatum
1729 2110 1961 2155 memineris,

376 2169 525 2205 scribae
539 2168 700 2205 Theraei
710 2167 863 2204 inscitia
874 2168 952 2204 iam
968 2167 1151 2203 Hadriani
1164 2179 1305 2204 nomen
1323 2170 1378 2204 ita
1395 2168 1577 2213 scriptum
1595 2178 1679 2204 esse
1694 2168 1743 2205 IG
1755 2167 1821 2203 XII
1833 2168 1866 2213 3,
1874 2168 1961 2204 476:

375 2226 621 2273 Αὐτοκράτορα
646 2225 803 2274 Καίσαρα
830 2225 1042 2273 Σεβαστὸν
1066 2225 1235 2272 Τραϊανὸν
1259 2223 1427 2272 Ἁδριανὸν
1454 2225 1717 2273 Αὔγουστον,
1747 2227 1805 2261 τὸν
1829 2226 1961 2273 εὐεργέ-

374 2298 448 2330 την,
475 2283 655 2330 Φιλήμων,
678 2305 726 2310 -
749 2293 983 2329 quamquam
1009 2283 1070 2318 hic
1093 2282 1176 2328 ipse
1196 2284 1369 2319 Philemo
1387 2283 1548 2319 Athenis
1572 2283 1699 2319 fuerat
1723 2281 1960 2327 (1G11149m
2033 2287 2040 2323 J

377 2341 567 2377 Constans
583 2341 784 2386 imperavit
802 2351 835 2375 a.
852 2340 1026 2385 337—50,
1059 2341 1128 2376 sed
1145 2351 1230 2376 cum
1247 2340 1325 2376 iam
1342 2351 1390 2376 m.
1409 2342 1513 2386 Sept.
1525 2341 1594 2376 337
1611 2350 1752 2376 nomen
1769 2339 1961 2386 Augustus
2028 2341 2030 2343 ’

377 2398 569 2444 acceperit
587 2401 674 2443 (not.
692 2399 727 2442 5)
750 2398 921 2444 titulique
944 2397 1024 2433 Oet
1038 2398 1075 2432 D
1099 2398 1174 2433 fere
1191 2397 1446 2442 consentiant,
1470 2397 1573 2432 bunc
1595 2397 1704 2433 initio
1723 2396 1882 2442 imperii,
1905 2405 1958 2432 sc.

376 2456 538 2501 tempori
561 2456 676 2500 paulo
704 2457 792 2490 ante
818 2466 851 2490 a.
869 2455 936 2490 337
963 2455 1191 2490 adscribam.

461 2548 566 2593 904.
597 2554 787 2590 Macarii
807 2553 1098 2597 proconsulis
1119 2553 1337 2595 edietum,
1364 2561 1482 2589 saec.
1503 2553 1585 2588 IV.
1643 2550 1823 2588 Corinthi.
1863 2549 1960 2586 Edd.

374 2610 622 2646 Milchhoefer
645 2611 731 2646 Ath.
753 2610 845 2645 Mitt.
871 2611 918 2646 IV
934 2609 1036 2655 1879,
1059 2610 1144 2655 160;
1170 2610 1201 2645 J.
1220 2609 1392 2645 Schmidt
1421 2611 1461 2645 et
1484 2609 1647 2645 Koehler
1674 2607 1765 2643 ibid.
1782 2606 1830 2644 VI
1852 2606 1956 2652 1881,
2022 2627 2023 2630 =

374 2668 452 2712 353,
470 2668 515 2703 48
541 2667 759 2713 (Sy11.2422;
784 2668 894 2704 1G1v
912 2667 1004 2711 364).
1834 2663 1910 2708 [Ην]
2020 2715 2034 2721 „

374 2737 423 2778 Φ.
452 2736 576 2779 Οὔλπ.
608 2735 854 2793 ΜακάριοςῙ
889 2738 909 2779 ὁ
940 2737 1245 2794 λαμ(πρότατος)
1278 2735 1534 2792 ἀνθ(όπατος)
1565 2735 1690 2792 λέγει·
1710 2733 1715 2792 Ι
1734 2734 1856 2791 φόβος
1886 2731 1955 2775 καὶ
2009 2728 2035 2733 *⁵

470 2841 486 2872 1
516 2839 637 2874 Homo
664 2839 814 2884 quidem
834 2838 1027 2884 ceteroqui
1050 2837 1202 2884 ignotus
1228 2840 1297 2884 est,
1322 2837 1391 2874 sed
1414 2837 1578 2873 edictum
1604 2837 1688 2872 sine
1714 2834 1828 2871 dubio
1851 2835 1956 2871 recte
2016 2863 2018 2865 -

375 2893 604 2930 Schmidtius
631 2897 680 2931 ad
704 2898 880 2941 quartum
905 2897 1100 2931 saeculum
1125 2895 1277 2931 rettulit.

373 3007 457 3051 622
