<?xml version="1.0" encoding="UTF-8"?>
<!DOCTYPE html PUBLIC "-//W3C//DTD XHTML 1.0 Transitional//EN"
    "http://www.w3.org/TR/xhtml1/DTD/xhtml1-transitional.dtd">
<html xmlns="http://www.w3.org/1999/xhtml" xml:lang="en" lang="en">
 <head>
  <title>
</title>
<meta http-equiv="Content-Type" content="text/html;charset=utf-8" />
  <meta name='ocr-system' content='tesseract 3.04.00' />
  <meta name='ocr-capabilities' content='ocr_page ocr_carea ocr_par ocr_line ocrx_word'/>
</head>
<body>
  <div class='ocr_page' id='page_1' title='image "./syllogeinscripti02dittuoft_0412.png"; bbox 0 0 2040 3216; ppageno 0'>
   <div class='ocr_carea' id='block_1_1' title="bbox 351 185 1937 238">
    <p class='ocr_par' dir='ltr' id='par_1_1' title="bbox 351 185 1937 238">
     <span class='ocr_line' id='line_1_1' title="bbox 351 185 1937 238; baseline 0 -16"><span class='ocrx_word' id='word_1_1' title='bbox 351 187 431 223; x_wconf 85' lang='lat'>736.</span> <span class='ocrx_word' id='word_1_2' title='bbox 1050 185 1240 222; x_wconf 88' lang='lat' dir='ltr'>Andania.</span> <span class='ocrx_word' id='word_1_3' title='bbox 1394 193 1397 195; x_wconf 85' lang='grc'><strong>’</strong></span> <span class='ocrx_word' id='word_1_4' title='bbox 1838 186 1884 222; x_wconf 86' lang='grc'>92</span> <span class='ocrx_word' id='word_1_5' title='bbox 1895 196 1937 238; x_wconf 71' lang='lat'>‚²²-</span> 
     </span>
    </p>
   </div>
   <div class='ocr_carea' id='block_1_2' title="bbox 285 322 2003 1553">
    <p class='ocr_par' dir='ltr' id='par_1_2' title="bbox 285 322 2003 1553">
     <span class='ocr_line' id='line_1_2' title="bbox 352 322 1937 382; baseline 0 -14"><span class='ocrx_word' id='word_1_6' title='bbox 352 327 459 374; x_wconf 83' lang='grc' dir='ltr'>ὅπως</span> <span class='ocrx_word' id='word_1_7' title='bbox 495 325 652 382; x_wconf 79' lang='grc' dir='ltr'>γίνηται</span> <span class='ocrx_word' id='word_1_8' title='bbox 687 322 738 367; x_wconf 80' lang='grc' dir='ltr'>τὰ</span> <span class='ocrx_word' id='word_1_9' title='bbox 775 322 881 367; x_wconf 80' lang='grc' dir='ltr'>κατὰ</span> <span class='ocrx_word' id='word_1_10' title='bbox 918 322 991 367; x_wconf 83' lang='grc' dir='ltr'>τὰν</span> <span class='ocrx_word' id='word_1_11' title='bbox 1022 324 1183 367; x_wconf 81' lang='grc' dir='ltr'>τελετὰν</span> <span class='ocrx_word' id='word_1_12' title='bbox 1215 325 1448 381; x_wconf 84' lang='grc' dir='ltr'>θεοπρεπῶς</span> <span class='ocrx_word' id='word_1_13' title='bbox 1483 324 1553 368; x_wconf 77' lang='grc' dir='ltr'>καὶ</span> <span class='ocrx_word' id='word_1_14' title='bbox 1584 324 1661 367; x_wconf 86' lang='grc' dir='ltr'>ἀπὸ</span> <span class='ocrx_word' id='word_1_15' title='bbox 1692 324 1839 374; x_wconf 81' lang='grc' dir='ltr'>παντὸς</span> <span class='ocrx_word' id='word_1_16' title='bbox 1867 327 1937 368; x_wconf 79' lang='grc' dir='ltr'>τοῦ</span> 
     </span>
     <span class='ocr_line' id='line_1_3' title="bbox 354 393 1939 451; baseline -0.001 -14"><span class='ocrx_word' id='word_1_17' title='bbox 354 394 523 449; x_wconf 79' lang='grc' dir='ltr'>δικαίου,</span> <span class='ocrx_word' id='word_1_18' title='bbox 557 393 626 436; x_wconf 79' lang='grc' dir='ltr'>καὶ</span> <span class='ocrx_word' id='word_1_19' title='bbox 657 395 756 450; x_wconf 85' lang='grc' dir='ltr'>μήτε</span> <span class='ocrx_word' id='word_1_20' title='bbox 788 393 946 451; x_wconf 77' lang='grc' dir='ltr'>αό][τ]ὸς</span> <span class='ocrx_word' id='word_1_21' title='bbox 979 393 1106 450; x_wconf 85' lang='grc' dir='ltr'>μηθὲν</span> <span class='ocrx_word' id='word_1_22' title='bbox 1139 393 1323 451; x_wconf 82' lang='grc' dir='ltr'>ἄσχημον</span> <span class='ocrx_word' id='word_1_23' title='bbox 1357 393 1458 450; x_wconf 85' lang='grc' dir='ltr'>μηδὲ</span> <span class='ocrx_word' id='word_1_24' title='bbox 1490 393 1628 437; x_wconf 81' lang='grc' dir='ltr'>ἄδικον</span> <span class='ocrx_word' id='word_1_25' title='bbox 1659 395 1842 450; x_wconf 79' lang='grc' dir='ltr'>ποιήσειν</span> <span class='ocrx_word' id='word_1_26' title='bbox 1872 393 1939 436; x_wconf 79' lang='grc' dir='ltr'>ἐπὶ</span> 
     </span>
     <span class='ocr_line' id='line_1_4' title="bbox 352 461 1942 521; baseline 0.001 -16"><span class='ocrx_word' id='word_1_27' title='bbox 352 463 570 505; x_wconf 81' lang='grc' dir='ltr'>καταλύσει</span> <span class='ocrx_word' id='word_1_28' title='bbox 607 466 687 506; x_wconf 91' lang='grc' dir='ltr'>τῶν</span> <span class='ocrx_word' id='word_1_29' title='bbox 720 463 946 520; x_wconf 82' lang='grc' dir='ltr'>μυστηρίων</span> <span class='ocrx_word' id='word_1_30' title='bbox 979 462 1081 519; x_wconf 81' lang='grc' dir='ltr'>μηδὲ</span> <span class='ocrx_word' id='word_1_31' title='bbox 1118 461 1247 505; x_wconf 85' lang='grc' dir='ltr'>ἄλλωι</span> <span class='ocrx_word' id='word_1_32' title='bbox 1278 463 1514 520; x_wconf 82' lang='grc' dir='ltr'>ἐπιτρέψειν,</span> <span class='ocrx_word' id='word_1_33' title='bbox 1549 462 1654 506; x_wconf 84' lang='grc' dir='ltr'>ἀλλὰ</span> <span class='ocrx_word' id='word_1_34' title='bbox 1683 461 1942 521; x_wconf 78' lang='grc' dir='ltr'>κατακολουΙ-</span> 
     </span>
     <span class='ocr_line' id='line_1_5' title="bbox 308 529 1938 589; baseline 0.002 -18"><span class='ocrx_word' id='word_1_35' title='bbox 308 536 331 571; x_wconf 88' lang='grc'>5</span> <span class='ocrx_word' id='word_1_36' title='bbox 356 532 497 588; x_wconf 78' lang='grc' dir='ltr'>θήσειν</span> <span class='ocrx_word' id='word_1_37' title='bbox 528 532 609 580; x_wconf 84' lang='grc' dir='ltr'>τοῖς</span> <span class='ocrx_word' id='word_1_38' title='bbox 644 532 947 589; x_wconf 78' lang='grc' dir='ltr'>γεγραμμένοις,</span> <span class='ocrx_word' id='word_1_39' title='bbox 986 532 1200 588; x_wconf 76' lang='grc' dir='ltr'>ἐξορκίσειν</span> <span class='ocrx_word' id='word_1_40' title='bbox 1233 531 1278 573; x_wconf 83' lang='grc' dir='ltr'>δὲ</span> <span class='ocrx_word' id='word_1_41' title='bbox 1313 530 1382 573; x_wconf 80' lang='grc' dir='ltr'>καὶ</span> <span class='ocrx_word' id='word_1_42' title='bbox 1411 531 1482 580; x_wconf 86' lang='grc' dir='ltr'>τὰς</span> <span class='ocrx_word' id='word_1_43' title='bbox 1516 529 1628 589; x_wconf 78' lang='grc' dir='ltr'>ἱερὰς</span> <span class='ocrx_word' id='word_1_44' title='bbox 1656 531 1726 575; x_wconf 79' lang='grc' dir='ltr'>καὶ</span> <span class='ocrx_word' id='word_1_45' title='bbox 1752 531 1820 575; x_wconf 83' lang='grc' dir='ltr'>τὸν</span> <span class='ocrx_word' id='word_1_46' title='bbox 1854 533 1938 588; x_wconf 84' lang='grc' dir='ltr'>ἱερῆ</span> 
     </span>
     <span class='ocr_line' id='line_1_6' title="bbox 354 597 1944 658; baseline 0.001 -16"><span class='ocrx_word' id='word_1_47' title='bbox 354 597 459 643; x_wconf 81' lang='grc' dir='ltr'>κατὰ</span> <span class='ocrx_word' id='word_1_48' title='bbox 490 599 533 642; x_wconf 86' lang='grc' dir='ltr'>τὸ</span> <span class='ocrx_word' id='word_1_49' title='bbox 566 599 848 657; x_wconf 79' lang='grc' dir='ltr'>διάγραμμα4.</span> <span class='ocrx_word' id='word_1_50' title='bbox 892 601 1121 658; x_wconf 78' lang='grc' dir='ltr'>εὐορκοῦντι</span> <span class='ocrx_word' id='word_1_51' title='bbox 1154 600 1223 656; x_wconf 84' lang='grc' dir='ltr'>μέν</span> <span class='ocrx_word' id='word_1_52' title='bbox 1246 617 1314 656; x_wconf 88' lang='grc' dir='ltr'>μοι</span> <span class='ocrx_word' id='word_1_53' title='bbox 1343 599 1406 657; x_wconf 80' lang='grc' dir='ltr'>εἴη</span> <span class='ocrx_word' id='word_1_54' title='bbox 1440 601 1466 643; x_wconf 87' lang='grc' dir='ltr'><strong>ἃ</strong></span> <span class='ocrx_word' id='word_1_55' title='bbox 1486 602 1569 649; x_wconf 87' lang='grc' dir='ltr'>τοῖς</span> <span class='ocrx_word' id='word_1_56' title='bbox 1591 600 1822 658; x_wconf 70' lang='grc' dir='ltr'>εύΙσεβέοις,</span> <span class='ocrx_word' id='word_1_57' title='bbox 1853 602 1944 658; x_wconf 87' lang='grc' dir='ltr'>ἐφι-</span> 
     </span>
     <span class='ocr_line' id='line_1_7' title="bbox 356 668 1946 727; baseline 0.001 -16"><span class='ocrx_word' id='word_1_58' title='bbox 356 671 539 726; x_wconf 79' lang='grc' dir='ltr'>ορκοῦντι</span> <span class='ocrx_word' id='word_1_59' title='bbox 570 668 614 711; x_wconf 85' lang='grc' dir='ltr'>δὲ</span> <span class='ocrx_word' id='word_1_60' title='bbox 638 669 861 723; x_wconf 19' lang='grc' dir='ltr'>,τάναντίαὲ</span> <span class='ocrx_word' id='word_1_61' title='bbox 914 668 961 712; x_wconf 79' lang='grc' dir='ltr'>ἂν</span> <span class='ocrx_word' id='word_1_62' title='bbox 993 670 1036 711; x_wconf 86' lang='grc' dir='ltr'>δέ</span> <span class='ocrx_word' id='word_1_63' title='bbox 1067 685 1125 717; x_wconf 88' lang='grc' dir='ltr'>τις</span> <span class='ocrx_word' id='word_1_64' title='bbox 1157 669 1210 726; x_wconf 87' lang='grc' dir='ltr'>μὴ</span> <span class='ocrx_word' id='word_1_65' title='bbox 1245 669 1358 711; x_wconf 81' lang='grc' dir='ltr'>θέλει</span> <span class='ocrx_word' id='word_1_66' title='bbox 1385 669 1558 725; x_wconf 85' lang='grc' dir='ltr'>ὀμνύειν,</span> <span class='ocrx_word' id='word_1_67' title='bbox 1593 669 1796 723; x_wconf 76' lang='grc' dir='ltr'>ζαμιούτω</span> <span class='ocrx_word' id='word_1_68' title='bbox 1818 671 1946 727; x_wconf 85' lang='grc' dir='ltr'>δραχ-</span> 
     </span>
     <span class='ocr_line' id='line_1_8' title="bbox 357 736 1941 796; baseline 0.001 -16"><span class='ocrx_word' id='word_1_69' title='bbox 357 738 450 793; x_wconf 85' lang='grc' dir='ltr'>μαῖς</span> <span class='ocrx_word' id='word_1_70' title='bbox 480 737 634 794; x_wconf 87' lang='grc' dir='ltr'>χιλίαις</span> <span class='ocrx_word' id='word_1_71' title='bbox 664 737 733 780; x_wconf 81' lang='grc' dir='ltr'>καὶ</span> <span class='ocrx_word' id='word_1_72' title='bbox 765 736 887 780; x_wconf 84' lang='grc' dir='ltr'>ἄλλον</span> <span class='ocrx_word' id='word_1_73' title='bbox 921 737 1007 780; x_wconf 86' lang='grc' dir='ltr'>ἀντὶ</span> <span class='ocrx_word' id='word_1_74' title='bbox 1036 738 1177 780; x_wconf 89' lang='grc' dir='ltr'>τούτου</span> <span class='ocrx_word' id='word_1_75' title='bbox 1198 736 1462 795; x_wconf 74' lang='grc' dir='ltr'>κλαρωσάΙτω</span> <span class='ocrx_word' id='word_1_76' title='bbox 1484 740 1529 781; x_wconf 81' lang='grc' dir='ltr'>ἐκ</span> <span class='ocrx_word' id='word_1_77' title='bbox 1549 741 1621 786; x_wconf 84' lang='grc' dir='ltr'>τᾶς</span> <span class='ocrx_word' id='word_1_78' title='bbox 1643 738 1767 786; x_wconf 81' lang='grc' dir='ltr'>αὐτᾶς</span> <span class='ocrx_word' id='word_1_79' title='bbox 1798 741 1941 796; x_wconf 85' lang='grc' dir='ltr'>φυλᾶς.</span> 
     </span>
     <span class='ocr_line' id='line_1_9' title="bbox 354 805 1946 864; baseline 0.001 -16"><span class='ocrx_word' id='word_1_80' title='bbox 354 805 425 854; x_wconf 84' lang='grc' dir='ltr'>τὰς</span> <span class='ocrx_word' id='word_1_81' title='bbox 457 805 502 848; x_wconf 83' lang='grc' dir='ltr'>δὲ</span> <span class='ocrx_word' id='word_1_82' title='bbox 536 805 645 862; x_wconf 85' lang='grc' dir='ltr'>ἱερὰς</span> <span class='ocrx_word' id='word_1_83' title='bbox 677 807 868 863; x_wconf 78' lang='grc' dir='ltr'>ὁρκιζέτω</span> <span class='ocrx_word' id='word_1_84' title='bbox 900 808 921 848; x_wconf 86' lang='grc' dir='ltr'><strong>ὁ</strong></span> <span class='ocrx_word' id='word_1_85' title='bbox 955 805 1081 863; x_wconf 82' lang='grc' dir='ltr'>ἱερεὺς</span> <span class='ocrx_word' id='word_1_86' title='bbox 1111 806 1180 848; x_wconf 82' lang='grc' dir='ltr'>καὶ</span> <span class='ocrx_word' id='word_1_87' title='bbox 1212 807 1250 848; x_wconf 89' lang='grc' dir='ltr'>οἱ</span> <span class='ocrx_word' id='word_1_88' title='bbox 1283 805 1379 863; x_wconf 82' lang='grc' dir='ltr'>ἱεροὶ</span> <span class='ocrx_word' id='word_1_89' title='bbox 1411 808 1452 849; x_wconf 89' lang='grc' dir='ltr'>ἐν</span> <span class='ocrx_word' id='word_1_90' title='bbox 1483 810 1560 850; x_wconf 86' lang='grc' dir='ltr'>τῶι</span> <span class='ocrx_word' id='word_1_91' title='bbox 1591 808 1703 864; x_wconf 87' lang='grc' dir='ltr'>ἱερῶι</span> <span class='ocrx_word' id='word_1_92' title='bbox 1731 810 1802 850; x_wconf 79' lang='grc' dir='ltr'>τοῦ</span> <span class='ocrx_word' id='word_1_93' title='bbox 1830 805 1946 863; x_wconf 88' lang='grc' dir='ltr'>Καρ-</span> 
     </span>
     <span class='ocr_line' id='line_1_10' title="bbox 354 874 1945 933; baseline 0.001 -17"><span class='ocrx_word' id='word_1_94' title='bbox 354 874 463 917; x_wconf 87' lang='grc' dir='ltr'>νείου</span> <span class='ocrx_word' id='word_1_95' title='bbox 493 878 560 917; x_wconf 84' lang='grc' dir='ltr'>τᾶι</span> <span class='ocrx_word' id='word_1_96' title='bbox 589 876 780 932; x_wconf 86' lang='grc' dir='ltr'>πρότερον</span> <span class='ocrx_word' id='word_1_97' title='bbox 814 875 963 931; x_wconf 84' lang='grc' dir='ltr'>ἁμέραι</span> <span class='ocrx_word' id='word_1_98' title='bbox 992 878 1068 917; x_wconf 88' lang='grc' dir='ltr'>τῶν</span> <span class='ocrx_word' id='word_1_99' title='bbox 1092 874 1328 932; x_wconf 88' lang='grc' dir='ltr'>μυστηΙρίων</span> <span class='ocrx_word' id='word_1_100' title='bbox 1358 874 1426 918; x_wconf 79' lang='grc' dir='ltr'>τὸν</span> <span class='ocrx_word' id='word_1_101' title='bbox 1449 875 1566 919; x_wconf 75' lang='grc' dir='ltr'>αὐτὸν</span> <span class='ocrx_word' id='word_1_102' title='bbox 1588 877 1719 933; x_wconf 81' lang='grc' dir='ltr'>ὅρκον,</span> <span class='ocrx_word' id='word_1_103' title='bbox 1751 875 1820 918; x_wconf 82' lang='grc' dir='ltr'>καὶ</span> <span class='ocrx_word' id='word_1_104' title='bbox 1849 891 1945 917; x_wconf 91' lang='grc' dir='ltr'>ποτ-</span> 
     </span>
     <span class='ocr_line' id='line_1_11' title="bbox 354 935 1944 1002; baseline 0 -17"><span class='ocrx_word' id='word_1_105' title='bbox 354 945 630 1001; x_wconf 78' lang='grc' dir='ltr'>εξορκιζόντω·</span> <span class='ocrx_word' id='word_1_106' title='bbox 663 944 902 1000; x_wconf 85' lang='grc' dir='ltr'>,πεποίημαι</span> <span class='ocrx_word' id='word_1_107' title='bbox 933 943 978 986; x_wconf 85' lang='grc' dir='ltr'>δὲ</span> <span class='ocrx_word' id='word_1_108' title='bbox 1007 942 1077 986; x_wconf 82' lang='grc' dir='ltr'>καὶ</span> <span class='ocrx_word' id='word_1_109' title='bbox 1106 943 1195 986; x_wconf 86' lang='grc' dir='ltr'>ποτὶ</span> <span class='ocrx_word' id='word_1_110' title='bbox 1225 943 1291 986; x_wconf 83' lang='grc' dir='ltr'>τὸν</span> <span class='ocrx_word' id='word_1_111' title='bbox 1323 942 1452 1000; x_wconf 78' lang='grc' dir='ltr'>ἄνδρα</span> <span class='ocrx_word' id='word_1_112' title='bbox 1480 935 1551 987; x_wconf 74' lang='grc' dir='ltr'>τᾶν</span> <span class='ocrx_word' id='word_1_113' title='bbox 1573 945 1791 1002; x_wconf 85' lang='grc' dir='ltr'>συμβίωσιν</span> <span class='ocrx_word' id='word_1_114' title='bbox 1824 944 1944 991; x_wconf 77' lang='grc' dir='ltr'>ὁσίως</span> 
     </span>
     <span class='ocr_line' id='line_1_12' title="bbox 355 1011 1943 1070; baseline 0 -15"><span class='ocrx_word' id='word_1_115' title='bbox 355 1012 423 1055; x_wconf 74' lang='grc' dir='ltr'>καὶ</span> <span class='ocrx_word' id='word_1_116' title='bbox 460 1013 711 1061; x_wconf 54' lang='grc' dir='ltr'>δικαίωςιὸ·</span> <span class='ocrx_word' id='word_1_117' title='bbox 749 1011 821 1055; x_wconf 87' lang='grc' dir='ltr'>τὰν</span> <span class='ocrx_word' id='word_1_118' title='bbox 860 1011 904 1055; x_wconf 83' lang='grc' dir='ltr'>δὲ</span> <span class='ocrx_word' id='word_1_119' title='bbox 944 1012 1270 1070; x_wconf 85' lang='grc' dir='ltr'>μ[ὴ]Ιθέλουσαν</span> <span class='ocrx_word' id='word_1_120' title='bbox 1312 1013 1471 1069; x_wconf 83' lang='grc' dir='ltr'>ὀμνύειν</span> <span class='ocrx_word' id='word_1_121' title='bbox 1510 1013 1736 1069; x_wconf 76' lang='grc' dir='ltr'>ζαμιούντω</span> <span class='ocrx_word' id='word_1_122' title='bbox 1773 1014 1811 1055; x_wconf 83' lang='grc' dir='ltr'>οἱ</span> <span class='ocrx_word' id='word_1_123' title='bbox 1843 1012 1943 1070; x_wconf 86' lang='grc' dir='ltr'>ἱεροὶ</span> 
     </span>
     <span class='ocr_line' id='line_1_13' title="bbox 359 1079 1943 1139; baseline -0.001 -15"><span class='ocrx_word' id='word_1_124' title='bbox 359 1082 559 1139; x_wconf 84' lang='grc' dir='ltr'>δραχμαῖς</span> <span class='ocrx_word' id='word_1_125' title='bbox 589 1082 743 1139; x_wconf 91' lang='grc' dir='ltr'>χιλίαις</span> <span class='ocrx_word' id='word_1_126' title='bbox 772 1080 841 1124; x_wconf 83' lang='grc' dir='ltr'>καὶ</span> <span class='ocrx_word' id='word_1_127' title='bbox 874 1081 928 1139; x_wconf 84' lang='grc' dir='ltr'>μὴ</span> <span class='ocrx_word' id='word_1_128' title='bbox 961 1083 1228 1138; x_wconf 87' lang='grc' dir='ltr'>ἐπιτρεπόντω</span> <span class='ocrx_word' id='word_1_129' title='bbox 1258 1082 1452 1125; x_wconf 87' lang='grc' dir='ltr'>ἐπιτελεῖν</span> <span class='ocrx_word' id='word_1_130' title='bbox 1482 1080 1533 1124; x_wconf 83' lang='grc' dir='ltr'>τὰ</span> <span class='ocrx_word' id='word_1_131' title='bbox 1562 1079 1669 1125; x_wconf 78' lang='grc' dir='ltr'>κατὰ</span> <span class='ocrx_word' id='word_1_132' title='bbox 1698 1081 1770 1130; x_wconf 84' lang='grc' dir='ltr'>τὰς</span> <span class='ocrx_word' id='word_1_133' title='bbox 1800 1081 1943 1129; x_wconf 83' lang='grc' dir='ltr'>θυσίας</span> 
     </span>
     <span class='ocr_line' id='line_1_14' title="bbox 285 1149 1943 1209; baseline 0.002 -19"><span class='ocrx_word' id='word_1_134' title='bbox 285 1155 331 1190; x_wconf 89' lang='grc'>10</span> <span class='ocrx_word' id='word_1_135' title='bbox 357 1150 460 1207; x_wconf 85' lang='grc' dir='ltr'>μηδὲ</span> <span class='ocrx_word' id='word_1_136' title='bbox 493 1149 714 1209; x_wconf 84' lang='grc' dir='ltr'>μετ[έ]Ιχειν</span> <span class='ocrx_word' id='word_1_137' title='bbox 745 1153 823 1193; x_wconf 88' lang='grc' dir='ltr'>τῶν</span> <span class='ocrx_word' id='word_1_138' title='bbox 857 1150 1094 1208; x_wconf 87' lang='grc' dir='ltr'>μυστηρίων,</span> <span class='ocrx_word' id='word_1_139' title='bbox 1130 1151 1171 1192; x_wconf 85' lang='grc' dir='ltr'>αἱ</span> <span class='ocrx_word' id='word_1_140' title='bbox 1203 1150 1247 1192; x_wconf 85' lang='grc' dir='ltr'>δὲ</span> <span class='ocrx_word' id='word_1_141' title='bbox 1279 1151 1480 1206; x_wconf 84' lang='grc' dir='ltr'>ὀμόσασαι</span> <span class='ocrx_word' id='word_1_142' title='bbox 1501 1150 1776 1193; x_wconf 84' lang='grc' dir='ltr'>ἐπιτελούντω.</span> <span class='ocrx_word' id='word_1_143' title='bbox 1829 1151 1867 1193; x_wconf 79' lang='grc' dir='ltr'>οἱ</span> <span class='ocrx_word' id='word_1_144' title='bbox 1899 1149 1943 1192; x_wconf 82' lang='grc' dir='ltr'>δὲ</span> 
     </span>
     <span class='ocr_line' id='line_1_15' title="bbox 355 1217 1944 1277; baseline -0.001 -15"><span class='ocrx_word' id='word_1_145' title='bbox 355 1220 617 1276; x_wconf 81' lang='grc' dir='ltr'>γεγενημένοι</span> <span class='ocrx_word' id='word_1_146' title='bbox 649 1218 748 1276; x_wconf 86' lang='grc' dir='ltr'>ἱεροὶ</span> <span class='ocrx_word' id='word_1_147' title='bbox 778 1219 847 1262; x_wconf 83' lang='grc' dir='ltr'>καὶ</span> <span class='ocrx_word' id='word_1_148' title='bbox 881 1218 984 1277; x_wconf 79' lang='grc' dir='ltr'>ἱεραὶ</span> <span class='ocrx_word' id='word_1_149' title='bbox 1015 1221 1055 1263; x_wconf 83' lang='grc' dir='ltr'>ἐν</span> <span class='ocrx_word' id='word_1_150' title='bbox 1093 1223 1167 1262; x_wconf 88' lang='grc' dir='ltr'>τῶι</span> <span class='ocrx_word' id='word_1_151' title='bbox 1201 1219 1384 1276; x_wconf 85' lang='grc' dir='ltr'>πέμπτωι</span> <span class='ocrx_word' id='word_1_152' title='bbox 1413 1218 1483 1262; x_wconf 79' lang='grc' dir='ltr'>καὶ</span> <span class='ocrx_word' id='word_1_153' title='bbox 1517 1217 1944 1276; x_wconf 78' lang='grc' dir='ltr'>πεντηκοστῶιΘΙέτει</span> 
     </span>
     <span class='ocr_line' id='line_1_16' title="bbox 358 1286 1942 1345; baseline -0.001 -14"><span class='ocrx_word' id='word_1_154' title='bbox 358 1286 568 1344; x_wconf 85' lang='grc' dir='ltr'>ὀμοσάντω</span> <span class='ocrx_word' id='word_1_155' title='bbox 584 1287 650 1331; x_wconf 86' lang='grc' dir='ltr'>τὸν</span> <span class='ocrx_word' id='word_1_156' title='bbox 670 1287 788 1331; x_wconf 79' lang='grc' dir='ltr'>αὐτὸν</span> <span class='ocrx_word' id='word_1_157' title='bbox 806 1290 922 1345; x_wconf 81' lang='grc' dir='ltr'>ὅρκον</span> <span class='ocrx_word' id='word_1_158' title='bbox 945 1289 987 1330; x_wconf 90' lang='grc' dir='ltr'>ἐν</span> <span class='ocrx_word' id='word_1_159' title='bbox 1009 1292 1085 1331; x_wconf 91' lang='grc' dir='ltr'>τῶι</span> <span class='ocrx_word' id='word_1_160' title='bbox 1106 1287 1325 1331; x_wconf 78' lang='grc' dir='ltr'>ἑνδεκάτωι</span> <span class='ocrx_word' id='word_1_161' title='bbox 1347 1287 1474 1344; x_wconf 79' lang='grc' dir='ltr'>μηνὶἿ</span> <span class='ocrx_word' id='word_1_162' title='bbox 1499 1288 1576 1345; x_wconf 84' lang='grc' dir='ltr'>πρὸ</span> <span class='ocrx_word' id='word_1_163' title='bbox 1598 1291 1676 1331; x_wconf 87' lang='grc' dir='ltr'>τῶν</span> <span class='ocrx_word' id='word_1_164' title='bbox 1703 1287 1942 1345; x_wconf 84' lang='grc' dir='ltr'>μυστηρίων.</span> 
     </span>
     <span class='ocr_line' id='line_1_17' title="bbox 443 1352 2003 1415; baseline 0 -16"><span class='ocrx_word' id='word_1_165' title='bbox 443 1358 757 1414; x_wconf 85' lang='grc' dir='ltr'>παραδόσιος.</span> <span class='ocrx_word' id='word_1_166' title='bbox 799 1354 873 1399; x_wconf 80' lang='grc' dir='ltr'>τὰν</span> <span class='ocrx_word' id='word_1_167' title='bbox 906 1356 949 1399; x_wconf 83' lang='grc' dir='ltr'>δὲ</span> <span class='ocrx_word' id='word_1_168' title='bbox 979 1356 1223 1414; x_wconf 67' lang='grc' dir='ltr'>κάμπτραν8</span> <span class='ocrx_word' id='word_1_169' title='bbox 1252 1357 1321 1399; x_wconf 82' lang='grc' dir='ltr'>καὶ</span> <span class='ocrx_word' id='word_1_170' title='bbox 1342 1355 1392 1399; x_wconf 80' lang='grc' dir='ltr'>τὰ</span> <span class='ocrx_word' id='word_1_171' title='bbox 1413 1356 1418 1415; x_wconf 88' lang='grc' dir='ltr'>Ι</span> <span class='ocrx_word' id='word_1_172' title='bbox 1437 1357 1577 1415; x_wconf 84' lang='grc' dir='ltr'>βιβλία</span> <span class='ocrx_word' id='word_1_173' title='bbox 1607 1357 1634 1400; x_wconf 85' lang='grc' dir='ltr'><strong>ἃ</strong></span> <span class='ocrx_word' id='word_1_174' title='bbox 1657 1358 1809 1402; x_wconf 79' lang='grc' dir='ltr'>δέδωκε</span> <span class='ocrx_word' id='word_1_175' title='bbox 1830 1355 1945 1399; x_wconf 88' lang='grc' dir='ltr'>Μνα-</span> <span class='ocrx_word' id='word_1_176' title='bbox 1965 1352 2003 1394; x_wconf 83' lang='grc' dir='ltr'><strong>Π</strong></span> 
     </span>
     <span class='ocr_line' id='line_1_18' title="bbox 359 1425 1945 1483; baseline 0.001 -15"><span class='ocrx_word' id='word_1_177' title='bbox 359 1426 602 1483; x_wconf 79' lang='grc' dir='ltr'>σίστρατος9</span> <span class='ocrx_word' id='word_1_178' title='bbox 632 1427 913 1483; x_wconf 86' lang='grc' dir='ltr'>παραδιδόντω</span> <span class='ocrx_word' id='word_1_179' title='bbox 945 1427 981 1468; x_wconf 88' lang='grc' dir='ltr'>οἱ</span> <span class='ocrx_word' id='word_1_180' title='bbox 1015 1425 1114 1481; x_wconf 85' lang='grc' dir='ltr'>ἱεροὶ</span> <span class='ocrx_word' id='word_1_181' title='bbox 1144 1427 1226 1474; x_wconf 84' lang='grc' dir='ltr'>τοῖς</span> <span class='ocrx_word' id='word_1_182' title='bbox 1257 1427 1660 1474; x_wconf 79' lang='grc' dir='ltr'>ἐπικατασταθέντοις</span> <span class='ocrx_word' id='word_1_183' title='bbox 1674 1427 1737 1481; x_wconf 85' lang='grc'>10,</span> <span class='ocrx_word' id='word_1_184' title='bbox 1773 1428 1945 1483; x_wconf 82' lang='grc' dir='ltr'>παραδι-</span> 
     </span>
     <span class='ocr_line' id='line_1_19' title="bbox 359 1493 1942 1553; baseline 0 -17"><span class='ocrx_word' id='word_1_185' title='bbox 359 1496 484 1537; x_wconf 83' lang='grc' dir='ltr'>ὃόντω</span> <span class='ocrx_word' id='word_1_186' title='bbox 517 1494 561 1537; x_wconf 81' lang='grc' dir='ltr'>δὲ</span> <span class='ocrx_word' id='word_1_187' title='bbox 590 1494 659 1537; x_wconf 81' lang='grc' dir='ltr'>καὶ</span> <span class='ocrx_word' id='word_1_188' title='bbox 689 1494 739 1537; x_wconf 88' lang='grc' dir='ltr'>τὰ</span> <span class='ocrx_word' id='word_1_189' title='bbox 769 1493 893 1538; x_wconf 81' lang='grc' dir='ltr'>λοιπὰ</span> <span class='ocrx_word' id='word_1_190' title='bbox 925 1497 1002 1538; x_wconf 79' lang='grc' dir='ltr'>ὅσα</span> <span class='ocrx_word' id='word_1_191' title='bbox 1020 1494 1025 1552; x_wconf 77' lang='grc' dir='ltr'>Ι</span> <span class='ocrx_word' id='word_1_192' title='bbox 1044 1495 1091 1538; x_wconf 77' lang='grc' dir='ltr'>ἂν</span> <span class='ocrx_word' id='word_1_193' title='bbox 1112 1495 1438 1538; x_wconf 78' lang='grc' dir='ltr'>κατασκευασθεῖ</span> <span class='ocrx_word' id='word_1_194' title='bbox 1457 1494 1579 1553; x_wconf 87' lang='grc' dir='ltr'>χάριν</span> <span class='ocrx_word' id='word_1_195' title='bbox 1599 1498 1678 1538; x_wconf 91' lang='grc' dir='ltr'>τῶν</span> <span class='ocrx_word' id='word_1_196' title='bbox 1707 1494 1942 1552; x_wconf 88' lang='grc' dir='ltr'>μυστηρίων.</span> 
     </span>
    </p>
   </div>
   <div class='ocr_carea' id='block_1_3' title="bbox 358 1590 634 1594">
    <p class='ocr_par' dir='ltr' id='par_1_3' title="bbox 358 1590 634 1594">
     <span class='ocr_line' id='line_1_20' title="bbox 358 1590 634 1594; baseline 0 0"><span class='ocrx_word' id='word_1_197' title='bbox 358 1590 634 1594; x_wconf 95' lang='lat' dir='ltr'> </span> 
     </span>
    </p>
   </div>
   <div class='ocr_carea' id='block_1_4' title="bbox 358 1630 2009 2932">
    <p class='ocr_par' dir='ltr' id='par_1_4' title="bbox 358 1630 2009 2932">
     <span class='ocr_line' id='line_1_21' title="bbox 358 1630 1944 1677; baseline 0 -11"><span class='ocrx_word' id='word_1_198' title='bbox 358 1631 586 1675; x_wconf 87' lang='lat' dir='ltr'>restitueret,</span> <span class='ocrx_word' id='word_1_199' title='bbox 610 1631 776 1676; x_wconf 89' lang='lat' dir='ltr'>Epiteles</span> <span class='ocrx_word' id='word_1_200' title='bbox 799 1631 1001 1667; x_wconf 85' lang='lat' dir='ltr'><strong>Aeschinis</strong></span> <span class='ocrx_word' id='word_1_201' title='bbox 1025 1631 1051 1667; x_wconf 82' lang='lat' dir='ltr'>f.</span> <span class='ocrx_word' id='word_1_202' title='bbox 1069 1631 1295 1677; x_wconf 85' lang='lat' dir='ltr'>Argivorum</span> <span class='ocrx_word' id='word_1_203' title='bbox 1325 1633 1481 1676; x_wconf 89' lang='lat' dir='ltr'>praetor</span> <span class='ocrx_word' id='word_1_204' title='bbox 1510 1631 1659 1667; x_wconf 88' lang='lat' dir='ltr'>somnio</span> <span class='ocrx_word' id='word_1_205' title='bbox 1691 1630 1859 1666; x_wconf 86' lang='lat' dir='ltr'>monitus</span> <span class='ocrx_word' id='word_1_206' title='bbox 1883 1641 1944 1666; x_wconf 87' lang='lat' dir='ltr'>ur-</span> 
     </span>
     <span class='ocr_line' id='line_1_22' title="bbox 358 1686 1945 1734; baseline 0 -12"><span class='ocrx_word' id='word_1_207' title='bbox 358 1698 451 1723; x_wconf 90' lang='lat' dir='ltr'>nam</span> <span class='ocrx_word' id='word_1_208' title='bbox 477 1688 668 1724; x_wconf 86' lang='lat' dir='ltr'>aheneam</span> <span class='ocrx_word' id='word_1_209' title='bbox 693 1688 872 1725; x_wconf 87' lang='lat' dir='ltr'>effodisse</span> <span class='ocrx_word' id='word_1_210' title='bbox 895 1688 1067 1732; x_wconf 82' lang='lat' dir='ltr'>traditur,</span> <span class='ocrx_word' id='word_1_211' title='bbox 1101 1699 1176 1734; x_wconf 89' lang='lat' dir='ltr'>qua</span> <span class='ocrx_word' id='word_1_212' title='bbox 1201 1687 1460 1724; x_wconf 74' lang='lat' dir='ltr'>contineretur</span> <span class='ocrx_word' id='word_1_213' title='bbox 1491 1687 1623 1723; x_wconf 91' lang='lat' dir='ltr'>stanni</span> <span class='ocrx_word' id='word_1_214' title='bbox 1647 1686 1792 1723; x_wconf 88' lang='lat' dir='ltr'>lamina</span> <span class='ocrx_word' id='word_1_215' title='bbox 1821 1686 1945 1724; x_wconf 90' lang='lat' dir='ltr'>instar</span> 
     </span>
     <span class='ocr_line' id='line_1_23' title="bbox 358 1743 1943 1791; baseline -0.001 -11"><span class='ocrx_word' id='word_1_216' title='bbox 358 1745 443 1780; x_wconf 87' lang='lat' dir='ltr'>libri</span> <span class='ocrx_word' id='word_1_217' title='bbox 467 1745 685 1789; x_wconf 87' lang='lat' dir='ltr'>convoluta,</span> <span class='ocrx_word' id='word_1_218' title='bbox 712 1746 751 1781; x_wconf 90' lang='lat' dir='ltr'>in</span> <span class='ocrx_word' id='word_1_219' title='bbox 777 1756 856 1791; x_wconf 90' lang='lat' dir='ltr'>qua</span> <span class='ocrx_word' id='word_1_220' title='bbox 879 1745 1111 1790; x_wconf 87' lang='lat' dir='ltr'>perscriptus</span> <span class='ocrx_word' id='word_1_221' title='bbox 1144 1748 1247 1781; x_wconf 91' lang='lat' dir='ltr'>esset</span> <span class='ocrx_word' id='word_1_222' title='bbox 1278 1748 1382 1781; x_wconf 88' lang='lat' dir='ltr'>totus</span> <span class='ocrx_word' id='word_1_223' title='bbox 1406 1745 1498 1782; x_wconf 90' lang='lat' dir='ltr'>ordo</span> <span class='ocrx_word' id='word_1_224' title='bbox 1531 1754 1729 1781; x_wconf 89' lang='lat' dir='ltr'>sacrorum</span> <span class='ocrx_word' id='word_1_225' title='bbox 1755 1743 1878 1788; x_wconf 88' lang='lat' dir='ltr'>(Paus.</span> <span class='ocrx_word' id='word_1_226' title='bbox 1894 1743 1943 1780; x_wconf 89' lang='lat' dir='ltr'>IV</span> 
     </span>
     <span class='ocr_line' id='line_1_24' title="bbox 359 1800 1944 1848; baseline -0.001 -10"><span class='ocrx_word' id='word_1_227' title='bbox 359 1803 416 1848; x_wconf 83' lang='lat'>26,</span> <span class='ocrx_word' id='word_1_228' title='bbox 433 1803 477 1846; x_wconf 81' lang='lat'>7).</span> <span class='ocrx_word' id='word_1_229' title='bbox 510 1804 604 1839; x_wconf 91' lang='lat' dir='ltr'>Eam</span> <span class='ocrx_word' id='word_1_230' title='bbox 629 1812 768 1838; x_wconf 89' lang='lat' dir='ltr'>urnam</span> <span class='ocrx_word' id='word_1_231' title='bbox 794 1804 831 1837; x_wconf 85' lang='lat' dir='ltr'>et</span> <span class='ocrx_word' id='word_1_232' title='bbox 846 1802 960 1838; x_wconf 90' lang='lat' dir='ltr'>Paus.</span> <span class='ocrx_word' id='word_1_233' title='bbox 978 1802 1024 1838; x_wconf 91' lang='lat' dir='ltr'>1v</span> <span class='ocrx_word' id='word_1_234' title='bbox 1039 1802 1096 1846; x_wconf 88' lang='lat'>33,</span> <span class='ocrx_word' id='word_1_235' title='bbox 1113 1803 1136 1837; x_wconf 87' lang='lat'>5</span> <span class='ocrx_word' id='word_1_236' title='bbox 1152 1802 1192 1837; x_wconf 89' lang='lat' dir='ltr'>in</span> <span class='ocrx_word' id='word_1_237' title='bbox 1211 1802 1394 1838; x_wconf 89' lang='lat' dir='ltr'>Carnasio</span> <span class='ocrx_word' id='word_1_238' title='bbox 1419 1804 1657 1838; x_wconf 84' lang='lat' dir='ltr'>asservatam</span> <span class='ocrx_word' id='word_1_239' title='bbox 1681 1800 1797 1837; x_wconf 82' lang='lat' dir='ltr'>refert</span> <span class='ocrx_word' id='word_1_240' title='bbox 1820 1811 1944 1846; x_wconf 89' lang='lat' dir='ltr'>neque</span> 
     </span>
     <span class='ocr_line' id='line_1_25' title="bbox 361 1858 1943 1905; baseline -0.001 -10"><span class='ocrx_word' id='word_1_241' title='bbox 361 1859 515 1895; x_wconf 88' lang='lat' dir='ltr'>dubium</span> <span class='ocrx_word' id='word_1_242' title='bbox 540 1862 599 1896; x_wconf 91' lang='lat' dir='ltr'>est</span> <span class='ocrx_word' id='word_1_243' title='bbox 625 1860 716 1905; x_wconf 92' lang='lat' dir='ltr'>quin</span> <span class='ocrx_word' id='word_1_244' title='bbox 740 1859 1001 1904; x_wconf 89' lang='lat' dir='ltr'>intellegenda</span> <span class='ocrx_word' id='word_1_245' title='bbox 1026 1858 1074 1894; x_wconf 94' lang='lat' dir='ltr'>sit</span> <span class='ocrx_word' id='word_1_246' title='bbox 1098 1859 1210 1894; x_wconf 90' lang='lat' dir='ltr'>huius</span> <span class='ocrx_word' id='word_1_247' title='bbox 1235 1859 1331 1894; x_wconf 91' lang='lat' dir='ltr'>tituli</span> <span class='ocrx_word' id='word_1_248' title='bbox 1354 1869 1388 1894; x_wconf 84' lang='lat' dir='ltr'>v.</span> <span class='ocrx_word' id='word_1_249' title='bbox 1406 1859 1461 1894; x_wconf 92' lang='lat'>11.</span> <span class='ocrx_word' id='word_1_250' title='bbox 1586 1861 1613 1894; x_wconf 85' lang='lat'>4</span> <span class='ocrx_word' id='word_1_251' title='bbox 1643 1859 1705 1894; x_wconf 87' lang='lat' dir='ltr'>Le.</span> <span class='ocrx_word' id='word_1_252' title='bbox 1730 1858 1943 1894; x_wconf 86' lang='lat' dir='ltr'>secundum</span> 
     </span>
     <span class='ocr_line' id='line_1_26' title="bbox 360 1915 1944 1962; baseline 0.001 -11"><span class='ocrx_word' id='word_1_253' title='bbox 360 1917 462 1952; x_wconf 89' lang='lat' dir='ltr'>hanc</span> <span class='ocrx_word' id='word_1_254' title='bbox 486 1916 622 1962; x_wconf 86' lang='lat' dir='ltr'>legem.</span> <span class='ocrx_word' id='word_1_255' title='bbox 659 1915 724 1951; x_wconf 90' lang='lat' dir='ltr'>Sa.</span> <span class='ocrx_word' id='word_1_256' title='bbox 855 1917 880 1949; x_wconf 84' lang='lat'><strong>5</strong></span> <span class='ocrx_word' id='word_1_257' title='bbox 910 1915 966 1950; x_wconf 86' lang='lat' dir='ltr'>Ex</span> <span class='ocrx_word' id='word_1_258' title='bbox 989 1915 1064 1950; x_wconf 89' lang='lat' dir='ltr'>hoc</span> <span class='ocrx_word' id='word_1_259' title='bbox 1088 1915 1333 1951; x_wconf 86' lang='lat' dir='ltr'>iurisiurandi</span> <span class='ocrx_word' id='word_1_260' title='bbox 1356 1915 1620 1952; x_wconf 84' lang='lat' dir='ltr'>additamento</span> <span class='ocrx_word' id='word_1_261' title='bbox 1645 1918 1816 1962; x_wconf 89' lang='lat' dir='ltr'>apparet,</span> <span class='ocrx_word' id='word_1_262' title='bbox 1842 1926 1944 1952; x_wconf 85' lang='lat' dir='ltr'>nunc</span> 
     </span>
     <span class='ocr_line' id='line_1_27' title="bbox 362 1971 1944 2021; baseline 0 -13"><span class='ocrx_word' id='word_1_263' title='bbox 362 1973 513 2019; x_wconf 90' lang='lat' dir='ltr'>quidem</span> <span class='ocrx_word' id='word_1_264' title='bbox 540 1973 629 2021; x_wconf 79' lang='grc' dir='ltr'>ἱεράς</span> <span class='ocrx_word' id='word_1_265' title='bbox 654 1982 733 2008; x_wconf 93' lang='lat' dir='ltr'>non</span> <span class='ocrx_word' id='word_1_266' title='bbox 757 1971 927 2016; x_wconf 83' lang='lat' dir='ltr'>intellegi</span> <span class='ocrx_word' id='word_1_267' title='bbox 951 1972 1024 2007; x_wconf 88' lang='lat' dir='ltr'>nisi</span> <span class='ocrx_word' id='word_1_268' title='bbox 1047 1972 1226 2008; x_wconf 89' lang='lat' dir='ltr'>mulieres</span> <span class='ocrx_word' id='word_1_269' title='bbox 1250 1975 1402 2018; x_wconf 89' lang='lat' dir='ltr'>nuptas.</span> <span class='ocrx_word' id='word_1_270' title='bbox 1526 1975 1552 2008; x_wconf 86' lang='lat'>6</span> <span class='ocrx_word' id='word_1_271' title='bbox 1577 1974 1671 2009; x_wconf 86' lang='lat' dir='ltr'><strong>Post</strong></span> <span class='ocrx_word' id='word_1_272' title='bbox 1693 1973 1881 2010; x_wconf 78' lang='lat' dir='ltr'>Achaiam</span> <span class='ocrx_word' id='word_1_273' title='bbox 1904 1973 1944 2008; x_wconf 88' lang='lat' dir='ltr'>in</span> 
     </span>
     <span class='ocr_line' id='line_1_28' title="bbox 359 2028 1946 2076; baseline 0.001 -11"><span class='ocrx_word' id='word_1_274' title='bbox 359 2029 581 2075; x_wconf 90' lang='lat' dir='ltr'>provinciae</span> <span class='ocrx_word' id='word_1_275' title='bbox 617 2029 781 2065; x_wconf 81' lang='lat' dir='ltr'>formam</span> <span class='ocrx_word' id='word_1_276' title='bbox 816 2028 1015 2065; x_wconf 88' lang='lat' dir='ltr'>redactam</span> <span class='ocrx_word' id='word_1_277' title='bbox 1052 2033 1097 2074; x_wconf 92' lang='lat' dir='ltr'>(a.</span> <span class='ocrx_word' id='word_1_278' title='bbox 1115 2030 1193 2073; x_wconf 88' lang='lat'>146)</span> <span class='ocrx_word' id='word_1_279' title='bbox 1232 2040 1255 2065; x_wconf 93' lang='lat' dir='ltr'>a</span> <span class='ocrx_word' id='word_1_280' title='bbox 1286 2041 1359 2076; x_wconf 88' lang='lat' dir='ltr'>quo</span> <span class='ocrx_word' id='word_1_281' title='bbox 1390 2033 1560 2076; x_wconf 89' lang='lat' dir='ltr'>tempore</span> <span class='ocrx_word' id='word_1_282' title='bbox 1599 2041 1724 2066; x_wconf 88' lang='lat' dir='ltr'>annos</span> <span class='ocrx_word' id='word_1_283' title='bbox 1754 2030 1946 2067; x_wconf 86' lang='lat' dir='ltr'>numerari</span> 
     </span>
     <span class='ocr_line' id='line_1_29' title="bbox 360 2085 1945 2124; baseline 0 -1"><span class='ocrx_word' id='word_1_284' title='bbox 360 2087 493 2123; x_wconf 89' lang='lat' dir='ltr'>solitos</span> <span class='ocrx_word' id='word_1_285' title='bbox 519 2097 602 2122; x_wconf 90' lang='lat' dir='ltr'>esse</span> <span class='ocrx_word' id='word_1_286' title='bbox 627 2086 667 2121; x_wconf 89' lang='lat' dir='ltr'>in</span> <span class='ocrx_word' id='word_1_287' title='bbox 691 2085 821 2121; x_wconf 90' lang='lat' dir='ltr'>multis</span> <span class='ocrx_word' id='word_1_288' title='bbox 847 2086 1031 2122; x_wconf 84' lang='lat' dir='ltr'>Graeciae</span> <span class='ocrx_word' id='word_1_289' title='bbox 1057 2087 1276 2123; x_wconf 83' lang='lat' dir='ltr'>civitatibus</span> <span class='ocrx_word' id='word_1_290' title='bbox 1302 2087 1496 2123; x_wconf 83' lang='lat' dir='ltr'>titulorum</span> <span class='ocrx_word' id='word_1_291' title='bbox 1528 2088 1755 2124; x_wconf 84' lang='lat' dir='ltr'>testimoniis</span> <span class='ocrx_word' id='word_1_292' title='bbox 1780 2090 1945 2124; x_wconf 87' lang='lat' dir='ltr'>constat.</span> 
     </span>
     <span class='ocr_line' id='line_1_30' title="bbox 363 2142 1947 2192; baseline 0.001 -13"><span class='ocrx_word' id='word_1_293' title='bbox 363 2144 417 2180; x_wconf 85' lang='lat' dir='ltr'>Cf.</span> <span class='ocrx_word' id='word_1_294' title='bbox 439 2155 477 2179; x_wconf 88' lang='lat' dir='ltr'>n.</span> <span class='ocrx_word' id='word_1_295' title='bbox 501 2143 601 2180; x_wconf 84' lang='lat'>700¹.</span> <span class='ocrx_word' id='word_1_296' title='bbox 657 2142 900 2189; x_wconf 87' lang='lat' dir='ltr'>Significatur</span> <span class='ocrx_word' id='word_1_297' title='bbox 930 2143 1042 2189; x_wconf 89' lang='lat' dir='ltr'>igitur</span> <span class='ocrx_word' id='word_1_298' title='bbox 1073 2154 1198 2180; x_wconf 89' lang='lat' dir='ltr'>annus</span> <span class='ocrx_word' id='word_1_299' title='bbox 1230 2145 1314 2192; x_wconf 81' lang='lat' dir='ltr'>92s1</span> <span class='ocrx_word' id='word_1_300' title='bbox 1348 2156 1380 2181; x_wconf 92' lang='lat' dir='ltr'>a.</span> <span class='ocrx_word' id='word_1_301' title='bbox 1406 2145 1490 2181; x_wconf 90' lang='lat' dir='ltr'>Chr.</span> <span class='ocrx_word' id='word_1_302' title='bbox 1659 2147 1683 2182; x_wconf 82' lang='lat'>‘1</span> <span class='ocrx_word' id='word_1_303' title='bbox 1716 2144 1947 2182; x_wconf 85' lang='lat' dir='ltr'>Undecimus</span> 
     </span>
     <span class='ocr_line' id='line_1_31' title="bbox 360 2200 1945 2248; baseline 0.001 -12"><span class='ocrx_word' id='word_1_304' title='bbox 360 2201 505 2237; x_wconf 86' lang='lat' dir='ltr'>mensis</span> <span class='ocrx_word' id='word_1_305' title='bbox 542 2200 634 2237; x_wconf 88' lang='lat' dir='ltr'>anni</span> <span class='ocrx_word' id='word_1_306' title='bbox 662 2200 836 2246; x_wconf 87' lang='lat' dir='ltr'>Achaici,</span> <span class='ocrx_word' id='word_1_307' title='bbox 869 2201 928 2238; x_wconf 84' lang='lat' dir='ltr'>i.e.</span> <span class='ocrx_word' id='word_1_308' title='bbox 951 2201 1029 2237; x_wconf 85' lang='lat' dir='ltr'>fere</span> <span class='ocrx_word' id='word_1_309' title='bbox 1065 2202 1288 2247; x_wconf 87' lang='lat' dir='ltr'>Metagitnio</span> <span class='ocrx_word' id='word_1_310' title='bbox 1319 2202 1622 2239; x_wconf 79' lang='lat' dir='ltr'>Atheniensium.</span> <span class='ocrx_word' id='word_1_311' title='bbox 1676 2204 1718 2239; x_wconf 92' lang='lat' dir='ltr'>In</span> <span class='ocrx_word' id='word_1_312' title='bbox 1752 2205 1945 2248; x_wconf 86' lang='lat' dir='ltr'>posterum</span> 
     </span>
     <span class='ocr_line' id='line_1_32' title="bbox 360 2258 1946 2307; baseline 0.001 -14"><span class='ocrx_word' id='word_1_313' title='bbox 360 2258 600 2303; x_wconf 88' lang='lat' dir='ltr'>praecipitur,</span> <span class='ocrx_word' id='word_1_314' title='bbox 625 2260 667 2293; x_wconf 91' lang='lat' dir='ltr'>ut</span> <span class='ocrx_word' id='word_1_315' title='bbox 694 2259 775 2306; x_wconf 85' lang='grc' dir='ltr'>ἱεροί</span> <span class='ocrx_word' id='word_1_316' title='bbox 799 2260 1005 2304; x_wconf 86' lang='lat' dir='ltr'>postquam</span> <span class='ocrx_word' id='word_1_317' title='bbox 1030 2261 1133 2295; x_wconf 84' lang='lat' dir='ltr'>sorte</span> <span class='ocrx_word' id='word_1_318' title='bbox 1159 2260 1355 2296; x_wconf 90' lang='lat' dir='ltr'>constituti</span> <span class='ocrx_word' id='word_1_319' title='bbox 1378 2262 1480 2305; x_wconf 91' lang='lat' dir='ltr'>sunt,</span> <span class='ocrx_word' id='word_1_320' title='bbox 1509 2260 1698 2306; x_wconf 85' lang='lat' dir='ltr'>extemplo</span> <span class='ocrx_word' id='word_1_321' title='bbox 1730 2263 1776 2305; x_wconf 90' lang='lat' dir='ltr'>(v.</span> <span class='ocrx_word' id='word_1_322' title='bbox 1792 2260 1813 2295; x_wconf 90' lang='lat'>1</span> <span class='ocrx_word' id='word_1_323' title='bbox 1837 2271 1946 2307; x_wconf 84' lang='grc' dir='ltr'>παρα-</span> 
     </span>
     <span class='ocr_line' id='line_1_33' title="bbox 360 2315 1945 2363; baseline 0.001 -13"><span class='ocrx_word' id='word_1_324' title='bbox 360 2318 492 2363; x_wconf 81' lang='grc' dir='ltr'>χρῆμα)</span> <span class='ocrx_word' id='word_1_325' title='bbox 516 2315 759 2352; x_wconf 89' lang='lat' dir='ltr'>iureiurando</span> <span class='ocrx_word' id='word_1_326' title='bbox 786 2315 998 2361; x_wconf 87' lang='lat' dir='ltr'>adigantur.</span> <span class='ocrx_word' id='word_1_327' title='bbox 1030 2316 1079 2352; x_wconf 89' lang='lat' dir='ltr'>At</span> <span class='ocrx_word' id='word_1_328' title='bbox 1105 2327 1138 2352; x_wconf 87' lang='lat' dir='ltr'>a.</span> <span class='ocrx_word' id='word_1_329' title='bbox 1156 2317 1213 2362; x_wconf 84' lang='lat'>92,</span> <span class='ocrx_word' id='word_1_330' title='bbox 1239 2328 1313 2362; x_wconf 93' lang='lat' dir='ltr'>quo</span> <span class='ocrx_word' id='word_1_331' title='bbox 1339 2318 1438 2353; x_wconf 90' lang='lat' dir='ltr'>haec</span> <span class='ocrx_word' id='word_1_332' title='bbox 1455 2317 1610 2354; x_wconf 88' lang='lat' dir='ltr'>decreta</span> <span class='ocrx_word' id='word_1_333' title='bbox 1633 2319 1736 2363; x_wconf 89' lang='lat' dir='ltr'>sunt,</span> <span class='ocrx_word' id='word_1_334' title='bbox 1759 2317 1837 2363; x_wconf 83' lang='lat' dir='ltr'>iam</span> <span class='ocrx_word' id='word_1_335' title='bbox 1853 2326 1945 2352; x_wconf 88' lang='lat' dir='ltr'>con-</span> 
     </span>
     <span class='ocr_line' id='line_1_34' title="bbox 362 2372 1947 2421; baseline 0.001 -14"><span class='ocrx_word' id='word_1_336' title='bbox 362 2372 483 2408; x_wconf 84' lang='lat' dir='ltr'>stituti</span> <span class='ocrx_word' id='word_1_337' title='bbox 506 2375 616 2408; x_wconf 87' lang='lat' dir='ltr'>erant</span> <span class='ocrx_word' id='word_1_338' title='bbox 640 2374 684 2416; x_wconf 88' lang='grc' dir='ltr'>(οἱ</span> <span class='ocrx_word' id='word_1_339' title='bbox 707 2373 929 2421; x_wconf 77' lang='grc' dir='ltr'>γεγενημένοι</span> <span class='ocrx_word' id='word_1_340' title='bbox 953 2383 988 2408; x_wconf 89' lang='lat' dir='ltr'>v.</span> <span class='ocrx_word' id='word_1_341' title='bbox 1007 2372 1061 2417; x_wconf 87' lang='lat'>10)</span> <span class='ocrx_word' id='word_1_342' title='bbox 1093 2374 1311 2419; x_wconf 86' lang='lat' dir='ltr'>nequedum</span> <span class='ocrx_word' id='word_1_343' title='bbox 1339 2374 1570 2419; x_wconf 83' lang='lat' dir='ltr'>iuraverant,</span> <span class='ocrx_word' id='word_1_344' title='bbox 1603 2384 1721 2420; x_wconf 86' lang='lat' dir='ltr'>quare</span> <span class='ocrx_word' id='word_1_345' title='bbox 1751 2383 1825 2420; x_wconf 87' lang='lat' dir='ltr'>quo</span> <span class='ocrx_word' id='word_1_346' title='bbox 1851 2375 1947 2410; x_wconf 89' lang='lat' dir='ltr'>tem-</span> 
     </span>
     <span class='ocr_line' id='line_1_35' title="bbox 361 2429 1944 2474; baseline 0.001 -10"><span class='ocrx_word' id='word_1_347' title='bbox 361 2439 452 2474; x_wconf 89' lang='lat' dir='ltr'>pore</span> <span class='ocrx_word' id='word_1_348' title='bbox 477 2429 516 2466; x_wconf 86' lang='lat' dir='ltr'>id</span> <span class='ocrx_word' id='word_1_349' title='bbox 546 2429 619 2465; x_wconf 91' lang='lat' dir='ltr'>hoc</span> <span class='ocrx_word' id='word_1_350' title='bbox 653 2440 757 2466; x_wconf 90' lang='lat' dir='ltr'>anno</span> <span class='ocrx_word' id='word_1_351' title='bbox 789 2430 871 2466; x_wconf 91' lang='lat' dir='ltr'>fieri</span> <span class='ocrx_word' id='word_1_352' title='bbox 903 2429 1058 2466; x_wconf 88' lang='lat' dir='ltr'>deberet</span> <span class='ocrx_word' id='word_1_353' title='bbox 1089 2430 1346 2467; x_wconf 87' lang='lat' dir='ltr'>definiendum</span> <span class='ocrx_word' id='word_1_354' title='bbox 1382 2434 1473 2467; x_wconf 88' lang='lat' dir='ltr'>erat.</span> <span class='ocrx_word' id='word_1_355' title='bbox 1505 2432 1544 2468; x_wconf 85' lang='lat' dir='ltr'>F.</span> <span class='ocrx_word' id='word_1_356' title='bbox 1685 2432 1712 2466; x_wconf 89' lang='lat'><em>8</em></span> <span class='ocrx_word' id='word_1_357' title='bbox 1744 2431 1798 2467; x_wconf 77' lang='lat' dir='ltr'>Cf.</span> <span class='ocrx_word' id='word_1_358' title='bbox 1815 2432 1895 2467; x_wconf 89' lang='lat' dir='ltr'>not.</span> <span class='ocrx_word' id='word_1_359' title='bbox 1910 2429 1944 2466; x_wconf 85' lang='lat'>3.</span> 
     </span>
     <span class='ocr_line' id='line_1_36' title="bbox 361 2486 2009 2538; baseline 0.001 -16"><span class='ocrx_word' id='word_1_360' title='bbox 361 2487 495 2522; x_wconf 82' lang='lat' dir='ltr'>Festus</span> <span class='ocrx_word' id='word_1_361' title='bbox 512 2497 578 2523; x_wconf 85' lang='lat' dir='ltr'>s.v.</span> <span class='ocrx_word' id='word_1_362' title='bbox 596 2497 749 2532; x_wconf 87' lang='lat' dir='ltr'>capsae.</span> <span class='ocrx_word' id='word_1_363' title='bbox 781 2486 841 2522; x_wconf 88' lang='lat' dir='ltr'>Ad</span> <span class='ocrx_word' id='word_1_364' title='bbox 858 2487 973 2532; x_wconf 85' lang='lat' dir='ltr'>gloss.</span> <span class='ocrx_word' id='word_1_365' title='bbox 992 2487 1137 2523; x_wconf 84' lang='lat' dir='ltr'>Philox.</span> <span class='ocrx_word' id='word_1_366' title='bbox 1155 2489 1333 2535; x_wconf 79' lang='grc' dir='ltr'>κάμπτρα·</span> <span class='ocrx_word' id='word_1_367' title='bbox 1357 2501 1517 2534; x_wconf 80' lang='lat' dir='ltr'>campsa,</span> <span class='ocrx_word' id='word_1_368' title='bbox 1535 2501 1634 2525; x_wconf 75' lang='lat' dir='ltr'>arca.</span> <span class='ocrx_word' id='word_1_369' title='bbox 1667 2488 1946 2535; x_wconf 71' lang='grc' dir='ltr'>καμπτροποιός·</span> <span class='ocrx_word' id='word_1_370' title='bbox 2005 2535 2009 2538; x_wconf 18' lang='grc' dir='ltr'><em>η</em></span> 
     </span>
     <span class='ocr_line' id='line_1_37' title="bbox 363 2543 1943 2592; baseline 0 -13"><span class='ocrx_word' id='word_1_371' title='bbox 363 2545 596 2589; x_wconf 78' lang='lat' dir='ltr'>campsarius</span> <span class='ocrx_word' id='word_1_372' title='bbox 619 2545 806 2589; x_wconf 88' lang='lat' dir='ltr'>provocat</span> <span class='ocrx_word' id='word_1_373' title='bbox 822 2543 897 2590; x_wconf 92' lang='lat' dir='ltr'>Sa.,</span> <span class='ocrx_word' id='word_1_374' title='bbox 922 2554 1084 2580; x_wconf 91' lang='lat' dir='ltr'>monens</span> <span class='ocrx_word' id='word_1_375' title='bbox 1108 2557 1238 2591; x_wconf 81' lang='lat' dir='ltr'>capsas</span> <span class='ocrx_word' id='word_1_376' title='bbox 1263 2555 1349 2581; x_wconf 88' lang='lat' dir='ltr'>esse</span> <span class='ocrx_word' id='word_1_377' title='bbox 1373 2545 1413 2580; x_wconf 89' lang='lat' dir='ltr'>in</span> <span class='ocrx_word' id='word_1_378' title='bbox 1437 2545 1572 2592; x_wconf 89' lang='lat' dir='ltr'>quibus</span> <span class='ocrx_word' id='word_1_379' title='bbox 1587 2545 1674 2581; x_wconf 87' lang='lat' dir='ltr'>libri</span> <span class='ocrx_word' id='word_1_380' title='bbox 1690 2545 1943 2581; x_wconf 82' lang='lat' dir='ltr'>asserventur.</span> 
     </span>
     <span class='ocr_line' id='line_1_38' title="bbox 408 2600 1944 2647; baseline 0 -11"><span class='ocrx_word' id='word_1_381' title='bbox 408 2602 433 2634; x_wconf 87' lang='lat'>9</span> <span class='ocrx_word' id='word_1_382' title='bbox 469 2600 564 2636; x_wconf 92' lang='lat' dir='ltr'>Cum</span> <span class='ocrx_word' id='word_1_383' title='bbox 587 2601 863 2637; x_wconf 88' lang='lat' dir='ltr'>Messeniorum</span> <span class='ocrx_word' id='word_1_384' title='bbox 896 2601 1114 2646; x_wconf 89' lang='lat' dir='ltr'>respublica</span> <span class='ocrx_word' id='word_1_385' title='bbox 1145 2601 1408 2638; x_wconf 87' lang='lat' dir='ltr'>restitueretur</span> <span class='ocrx_word' id='word_1_386' title='bbox 1439 2604 1527 2647; x_wconf 89' lang='lat' dir='ltr'>(not.</span> <span class='ocrx_word' id='word_1_387' title='bbox 1544 2603 1590 2647; x_wconf 89' lang='lat'>3),</span> <span class='ocrx_word' id='word_1_388' title='bbox 1623 2602 1738 2638; x_wconf 88' lang='lat' dir='ltr'>etiarn</span> <span class='ocrx_word' id='word_1_389' title='bbox 1768 2601 1944 2637; x_wconf 85' lang='lat' dir='ltr'>homines</span> 
     </span>
     <span class='ocr_line' id='line_1_39' title="bbox 363 2657 1943 2705; baseline 0.001 -14"><span class='ocrx_word' id='word_1_390' title='bbox 363 2666 522 2700; x_wconf 89' lang='lat' dir='ltr'>quorum</span> <span class='ocrx_word' id='word_1_391' title='bbox 546 2658 587 2693; x_wconf 92' lang='lat' dir='ltr'>in</span> <span class='ocrx_word' id='word_1_392' title='bbox 612 2660 724 2703; x_wconf 90' lang='lat' dir='ltr'>gente</span> <span class='ocrx_word' id='word_1_393' title='bbox 749 2657 1020 2694; x_wconf 87' lang='lat' dir='ltr'>hereditarium</span> <span class='ocrx_word' id='word_1_394' title='bbox 1046 2661 1129 2694; x_wconf 87' lang='lat' dir='ltr'>erat</span> <span class='ocrx_word' id='word_1_395' title='bbox 1152 2659 1412 2695; x_wconf 85' lang='lat' dir='ltr'>sacerdotium</span> <span class='ocrx_word' id='word_1_396' title='bbox 1427 2658 1693 2705; x_wconf 83' lang='lat' dir='ltr'>mysteriorum</span> <span class='ocrx_word' id='word_1_397' title='bbox 1716 2659 1756 2694; x_wconf 91' lang='lat' dir='ltr'>in</span> <span class='ocrx_word' id='word_1_398' title='bbox 1779 2657 1943 2704; x_wconf 84' lang='lat' dir='ltr'>patriam</span> 
     </span>
     <span class='ocr_line' id='line_1_40' title="bbox 362 2712 1943 2761; baseline 0.004 -15"><span class='ocrx_word' id='word_1_399' title='bbox 362 2712 565 2759; x_wconf 88' lang='lat' dir='ltr'>redierant,</span> <span class='ocrx_word' id='word_1_400' title='bbox 591 2715 698 2761; x_wconf 90' lang='lat' dir='ltr'>eique</span> <span class='ocrx_word' id='word_1_401' title='bbox 723 2725 821 2760; x_wconf 89' lang='lat' dir='ltr'>quae</span> <span class='ocrx_word' id='word_1_402' title='bbox 845 2715 885 2750; x_wconf 92' lang='lat' dir='ltr'>in</span> <span class='ocrx_word' id='word_1_403' title='bbox 913 2715 980 2751; x_wconf 90' lang='lat' dir='ltr'>illa</span> <span class='ocrx_word' id='word_1_404' title='bbox 1010 2715 1141 2751; x_wconf 89' lang='lat' dir='ltr'>stanni</span> <span class='ocrx_word' id='word_1_405' title='bbox 1170 2716 1314 2752; x_wconf 89' lang='lat' dir='ltr'>lamina</span> <span class='ocrx_word' id='word_1_406' title='bbox 1343 2716 1488 2761; x_wconf 87' lang='lat' dir='ltr'>scripta</span> <span class='ocrx_word' id='word_1_407' title='bbox 1512 2718 1621 2752; x_wconf 90' lang='lat' dir='ltr'>erant</span> <span class='ocrx_word' id='word_1_408' title='bbox 1653 2716 1692 2751; x_wconf 91' lang='lat' dir='ltr'>in</span> <span class='ocrx_word' id='word_1_409' title='bbox 1717 2716 1874 2751; x_wconf 84' lang='lat' dir='ltr'>chartas</span> <span class='ocrx_word' id='word_1_410' title='bbox 1897 2714 1943 2758; x_wconf 82' lang='grc' dir='ltr'>(ἐς</span> 
     </span>
     <span class='ocr_line' id='line_1_41' title="bbox 364 2769 1944 2818; baseline 0.001 -16"><span class='ocrx_word' id='word_1_411' title='bbox 364 2769 500 2814; x_wconf 79' lang='grc' dir='ltr'>βίβλους</span> <span class='ocrx_word' id='word_1_412' title='bbox 530 2771 643 2807; x_wconf 91' lang='lat' dir='ltr'>Paus.</span> <span class='ocrx_word' id='word_1_413' title='bbox 662 2771 709 2808; x_wconf 92' lang='lat' dir='ltr'>IV</span> <span class='ocrx_word' id='word_1_414' title='bbox 725 2772 781 2815; x_wconf 82' lang='lat'>27,</span> <span class='ocrx_word' id='word_1_415' title='bbox 797 2772 831 2816; x_wconf 83' lang='lat'>5)</span> <span class='ocrx_word' id='word_1_416' title='bbox 865 2772 1224 2818; x_wconf 81' lang='lat' dir='ltr'>transscripserunt3</span> <span class='ocrx_word' id='word_1_417' title='bbox 1260 2773 1359 2809; x_wconf 89' lang='lat' dir='ltr'>haec</span> <span class='ocrx_word' id='word_1_418' title='bbox 1390 2772 1595 2809; x_wconf 85' lang='lat' dir='ltr'>manifesto</span> <span class='ocrx_word' id='word_1_419' title='bbox 1631 2774 1720 2809; x_wconf 91' lang='lat' dir='ltr'>sunt</span> <span class='ocrx_word' id='word_1_420' title='bbox 1753 2773 1796 2808; x_wconf 79' lang='grc' dir='ltr'>τὰ</span> <span class='ocrx_word' id='word_1_421' title='bbox 1830 2770 1944 2818; x_wconf 80' lang='grc' dir='ltr'>βιβλία</span> 
     </span>
     <span class='ocr_line' id='line_1_42' title="bbox 364 2826 1943 2876; baseline 0.004 -17"><span class='ocrx_word' id='word_1_422' title='bbox 364 2826 751 2868; x_wconf 82' lang='lat' dir='ltr'>quae-Mnasistratus</span> <span class='ocrx_word' id='word_1_423' title='bbox 776 2828 978 2866; x_wconf 86' lang='lat' dir='ltr'>tradidisse</span> <span class='ocrx_word' id='word_1_424' title='bbox 1002 2829 1132 2865; x_wconf 86' lang='lat' dir='ltr'>fertur.</span> <span class='ocrx_word' id='word_1_425' title='bbox 1178 2830 1214 2866; x_wconf 93' lang='lat' dir='ltr'>Is</span> <span class='ocrx_word' id='word_1_426' title='bbox 1246 2829 1358 2876; x_wconf 87' lang='lat' dir='ltr'>igitur</span> <span class='ocrx_word' id='word_1_427' title='bbox 1384 2830 1454 2866; x_wconf 83' lang='lat' dir='ltr'>fuit</span> <span class='ocrx_word' id='word_1_428' title='bbox 1478 2841 1525 2866; x_wconf 82' lang='lat' dir='ltr'>ex</span> <span class='ocrx_word' id='word_1_429' title='bbox 1562 2829 1718 2875; x_wconf 80' lang='lat' dir='ltr'>antiqua</span> <span class='ocrx_word' id='word_1_430' title='bbox 1739 2828 1806 2864; x_wconf 82' lang='lat' dir='ltr'>illa</span> <span class='ocrx_word' id='word_1_431' title='bbox 1829 2827 1943 2872; x_wconf 75' lang='lat' dir='ltr'>gente</span> 
     </span>
     <span class='ocr_line' id='line_1_43' title="bbox 362 2881 1942 2932; baseline 0.002 -17"><span class='ocrx_word' id='word_1_432' title='bbox 362 2881 611 2927; x_wconf 84' lang='lat' dir='ltr'>sacerdotali,</span> <span class='ocrx_word' id='word_1_433' title='bbox 645 2885 713 2920; x_wconf 87' lang='lat' dir='ltr'>sed</span> <span class='ocrx_word' id='word_1_434' title='bbox 743 2885 959 2922; x_wconf 87' lang='lat' dir='ltr'>sacerdotio</span> <span class='ocrx_word' id='word_1_435' title='bbox 990 2896 1062 2922; x_wconf 82' lang='lat' dir='ltr'>sua</span> <span class='ocrx_word' id='word_1_436' title='bbox 1091 2888 1228 2932; x_wconf 90' lang='lat' dir='ltr'>sponte</span> <span class='ocrx_word' id='word_1_437' title='bbox 1254 2889 1423 2924; x_wconf 86' lang='lat' dir='ltr'>cesserat</span> <span class='ocrx_word' id='word_1_438' title='bbox 1453 2886 1566 2932; x_wconf 87' lang='lat' dir='ltr'>idque</span> <span class='ocrx_word' id='word_1_439' title='bbox 1596 2886 1645 2923; x_wconf 85' lang='lat' dir='ltr'>ad</span> <span class='ocrx_word' id='word_1_440' title='bbox 1669 2883 1942 2929; x_wconf 73' lang='lat' dir='ltr'>rempublicam</span> 
     </span>
    </p>
   </div>
   <div class='ocr_carea' id='block_1_5' title="bbox 362 2993 447 3037">
    <p class='ocr_par' dir='ltr' id='par_1_5' title="bbox 362 2993 447 3037">
     <span class='ocr_line' id='line_1_44' title="bbox 362 2993 447 3037; baseline 0 -1"><span class='ocrx_word' id='word_1_441' title='bbox 362 2993 447 3037; x_wconf 88' lang='grc'>402</span> 
     </span>
    </p>
   </div>
  </div>
 </body>
</html>
