2040 3216
393 201 471 238 726.
497 203 574 237 727.
991 204 1181 240 Deliorum
1209 205 1378 250 collegia.
1449 201 1452 203 ’
1536 216 1538 218 ’
1839 208 1976 275 9716-
1941 220 1977 245 a.

393 341 722 400 ἐπιμελητουΙδὲ
762 347 832 399 τῆς
871 346 996 400 νήσου
1035 343 1219 400 Μηδείου
1259 348 1329 387 τοῦ
1366 344 1549 401 Μηδείου
1588 344 1862 403 [luponem-22,
1910 348 1975 391 τὸν

385 408 592 468 Ηρακλῆν
625 412 828 469 ἀνέθηκαν
849 412 893 470 Ι’
874 415 1168 471 αφιερώσαντες
1188 410 1389 471 Ηρακλεῖ
1417 414 1485 457 καὶ
1509 412 1729 463 Ἰταλικοῖς.

482 529 509 562 2
533 526 717 563 Kirchner
740 527 803 563 PA
821 526 945 563 10098.
986 528 1041 563 De
1065 527 1293 572 magistratu
1319 528 1364 564 cf.
1383 539 1417 564 n.
1435 528 1503 563 657
1521 530 1600 564 not.

478 654 578 698 727.
609 660 988 704 competafiastae
1008 660 1147 704 Delii,
1179 670 1221 697 a.
1246 656 1368 711 9'7s6.
1416 660 1500 696 Deli
1523 672 1642 707 prope
1668 633 1866 708 antiquum
1889 673 1974 708 por-

388 718 479 752 tum.
519 716 612 753 Edd.
630 717 1022 754 Hauvette-Besnault
1042 717 1136 753 Bull.
1149 717 1242 753 Hell.
1254 717 1318 753 VII
1334 717 1435 763 1883,
1454 719 1508 764 12,
1521 719 1560 764 ὃς
1587 719 1726 766 Loewy
1741 720 1766 756 Ι.
1782 720 1841 757 Gr.
1854 719 1973 756 Bildh.

386 773 456 809 306
481 773 601 819 (ΞῩῙῙ.2
616 774 707 818 322).
1852 777 1926 821 [Hi]

382 840 627 899 Ἀρχέλα[ο]ς
661 843 929 900 ΠομπώνιοςῙ
952 843 956 901 Ι
976 831 1099 899 Γαίου
1129 844 1198 887 καὶ
1230 844 1391 887 Γαΐου2

379 909 596 969 Ἡρόδοτος
629 911 815 961 Κλώδιος
834 912 838 970 Ι
858 913 1017 969 Δέκμου

338 983 361 1017 5
385 980 614 1038 Σωσιγένης
645 982 858 1040 Θεοδώρου
879 982 882 1038 Ι
902 981 1155 1038 Νεαπολίτης

385 1049 619 1107 Κλεομένης
646 1048 854 1108 Ἐγνάτιος
873 1050 877 1109 Ι
898 1050 1079 1093 Ποπλίου
1112 1050 1237 1094 Γαΐου
1269 1051 1414 1094 Γναίου

385 1120 523 1168 Ζεῦξις
553 1119 703 1168 Αὔλιος
734 1121 905 1163 Λευκίου

315 1190 360 1226 10
386 1190 563 1238 Πόπλιος
594 1188 793 1247 Κορούιος
812 1189 817 1247 Ι
837 1189 1010 1232 Κοΐντου
1040 1189 1280 1246 Φιλοκλῆς3

384 1259 601 1317 Πρόθυμος
632 1258 800 1316 Γράνιος
819 1258 823 1316 Ι
843 1259 1018 1315 Σπορίου
1133 1251 1135 1253 ’

311 1328 356 1363 15
378 1326 573 1386 Ἀντίοχος
606 1328 820 1376 Πακώνιος
838 1326 846 1385 Ι
863 1328 1035 1370 Λευκίου

373 1395 609 1455 Ἡρακλέων
641 1396 811 1444 Τύλλιος
830 1395 834 1454 Ι
855 1395 1027 1439 Κοΐντου

309 1467 356 1502 20
380 1466 770 1523 Κομπεταλιασταὶ4
803 1467 1011 1522 γενόμενοι
1030 1464 1034 1522 Ι
1052 1465 1122 1521 τὴν
1161 1465 1336 1508 Πίστιν5
1380 1466 1490 1514 θεοῖς
1528 1465 1730 1523 ἀνέθηκαν
1748 1464 1757 1524 Ι
1775 1465 1840 1510 ἐπὶ
1882 1467 1968 1510 ἐπι-

475 1595 493 1627 1
522 1591 769 1628 Memorabile
795 1593 862 1636 est,
887 1590 950 1627 hic
981 1593 1134 1636 praeter
1162 1601 1281 1626 unum
1305 1590 1344 1627 P.
1363 1590 1487 1627 Corvii
1512 1591 1553 1636 Q.
1571 1591 1593 1627 1.
1611 1590 1791 1627 Philoclis
1823 1601 1967 1627 nomen

379 1652 469 1694 (not.
486 1650 519 1694 3)
550 1649 690 1695 ubique
725 1648 936 1694 antiquiore
975 1658 1081 1684 more
1118 1649 1278 1684 nomina
1307 1649 1455 1684 Graeca
1490 1640 1783 1693 praenominum
1818 1648 1966 1686 'vicibus

378 1707 495 1753 fungi,
521 1717 608 1743 cum
632 1706 766 1752 viginti
788 1706 908 1741 tribus
936 1706 1048 1741 annis
1072 1707 1158 1750 post
1181 1711 1229 1749 (n.
1248 1705 1326 1750 746)
1351 1706 1391 1740 in
1417 1705 1552 1740 eadem
1569 1705 1695 1741 insula
1711 1704 1790 1741 iam
1808 1716 1856 1741 ex
1872 1706 1964 1742 duo-

376 1764 499 1800 decim
525 1763 672 1800 civibus
697 1763 883 1799 Romanis
908 1763 1078 1799 Graecae
1109 1762 1280 1808 originis,
1313 1762 1452 1807 partim
1480 1761 1657 1807 ingenuis
1690 1762 1828 1807 partim
1852 1762 1964 1798 liber-

375 1821 475 1866 tinis,
500 1831 614 1856 nemo
640 1821 890 1866 praenomine
914 1820 1091 1855 Romano
1117 1821 1249 1855 careat
1281 1829 1507 1865 omnesque,
1539 1819 1601 1865 qui
1631 1819 1783 1865 quidem
1808 1819 1964 1856 nomine

376 1878 522 1914 Graeco
546 1879 712 1922 utantur,
739 1876 773 1912 ei
798 1876 1038 1922 cognominis
1061 1877 1187 1911 locum
1220 1876 1398 1912 tribuant.
1448 1876 1530 1920 Qua
1562 1887 1604 1912 re
1630 1876 1846 1912 accuratius
1872 1877 1963 1913 defi-

374 1934 476 1970 nitur
501 1934 582 1969 eius
611 1933 836 1969 mutationis
865 1936 1032 1978 tempus,
1063 1933 1110 1969 de
1141 1943 1216 1979 qua
1247 1933 1423 1979 exposuit
1445 1934 1659 1969 Mommsen
1682 1933 1962 1971 R6m.Forsch.

373 1992 461 2027 130.
509 1991 564 2027 De
589 1991 729 2027 Italicis
762 1990 824 2036 qui
847 1990 930 2026 Deli
958 1990 1188 2026 habitabant
1221 1993 1260 2026 et
1290 1991 1336 2026 de
1370 2001 1500 2027 eorum
1526 1990 1744 2027 nominibus
1773 1993 1863 2036 post
1886 1992 1960 2028 Ho-

372 2049 545 2085 mollium
583 2049 688 2093 (Bull.
710 2048 804 2084 Hell.
823 2048 903 2084 VIII
926 2047 1036 2093 1884,
1061 2049 1118 2092 75)
1155 2048 1231 2094 egit
1269 2048 1446 2084 Hatzfeld
1488 2047 1586 2093 (ibid.
1610 2047 1760 2085 XXXVI
1783 2048 1891 2093 1912,
1916 2049 1960 2092 1).
1993 2076 1996 2079 .

370 2107 488 2142 Mixta
512 2105 671 2142 nomina
697 2106 844 2142 Graeca
870 2107 907 2141 et
931 2105 1125 2142 Romana:
1150 2106 1175 2141 Ι.
1194 2105 1327 2141 Priene
1351 2105 1576 2145 313693-715·
1687 2107 1713 2140 2
1738 2105 1800 2142 Sc.
1817 2106 1961 2141 ἀπελεύ-

371 2164 484 2212 θερος.
523 2163 602 2199 Hos
627 2173 761 2199 ornnes
786 2162 962 2199 homines
987 2161 1184 2199 libertinos
1209 2173 1293 2198 esse
1318 2162 1562 2198 manifestum
1587 2164 1655 2208 est,
1686 2165 1840 2208 praeter
1870 2172 1958 2199 eum

370 2220 537 2257 fortasse
562 2221 625 2266 qui
649 2221 805 2256 nomine
829 2221 1005 2256 Romano
1031 2222 1136 2256 caret
1160 2221 1383 2266 Sosigenem
1409 2219 1598 2256 Theodori
1620 2219 1644 2255 f.
1661 2219 1956 2265 Neapolitanum

371 2281 416 2323 (v.
434 2278 467 2313 ὃ.
484 2278 530 2321 6).
655 2280 680 2313 3
713 2277 886 2313 Libertus
922 2278 995 2313 alio
1021 2287 1068 2314 ac
1095 2280 1282 2323 patronus
1317 2276 1567 2323 praenomine
1599 2276 1717 2312 utitur
1747 2276 1957 2312 secundum

369 2335 623 2382 antiquiorem
655 2335 974 2371 consuetudinem
1006 2336 1229 2380 (Mommsen
1251 2335 1324 2379 1.1.).
1470 2337 1497 2370 4
1526 2334 1611 2370 Non
1644 2333 1861 2379 collegium,
1886 2333 1955 2370 sed

368 2393 573 2439 magistros
600 2393 680 2428 eius
703 2392 865 2429 indicari
897 2392 1035 2438 quibus
1065 2392 1371 2438 praesidentibus
1405 2403 1429 2428 a
1459 2391 1656 2428 sodalibus
1689 2391 1857 2427 eiusdem
1880 2389 1958 2426 vici

365 2450 502 2487 incolis
528 2450 757 2496 Compitalia
781 2449 978 2486 celebrata
1008 2452 1153 2495 essent,
1186 2451 1290 2485 recte
1322 2460 1370 2485 ex
1401 2459 1498 2485 voce
1528 2449 1703 2496 γενόμενοι
1732 2446 1886 2493 collegit
1910 2447 1955 2483 H.

368 2508 423 2545 Cf.
438 2507 619 2543 Ziebarth
642 2507 1086 2544 Griech.Vereinswesen
1103 2508 1182 2543 126.
1225 2507 1279 2542 De
1305 2506 1425 2543 sacris
1447 2508 1587 2543 Larum
1611 2505 1879 2551 Compitalium
1904 2504 1954 2541 cf.

366 2565 549 2601 Wissowa
573 2566 655 2601 Rel.
672 2566 770 2603 Kult.
787 2565 1144 2601 Rom.2167.17110.
1191 2565 1238 2601 Ut
1268 2565 1316 2601 ab
1346 2563 1452 2600 initio
1486 2574 1685 2599 servorum
1714 2572 1881 2608 magnae
1911 2561 1952 2597 in

367 2622 641 2668 Compitalibus
673 2625 802 2667 partes
840 2625 967 2668 erant,
1001 2623 1055 2658 sic
1089 2622 1287 2658 etiamtum
1326 2622 1447 2667 primo
1482 2632 1515 2657 a.
1531 2620 1614 2657 Chr.
1633 2631 1670 2656 n.
1695 2619 1852 2656 saeculo
1884 2618 1953 2654 illa

364 2680 528 2725 collegia
557 2680 798 2715 humiliorum
822 2679 1060 2725 potissimum
1085 2679 1202 2716 fuisse
1226 2679 1287 2715 hic
1311 2678 1441 2714 titulus
1467 2679 1579 2714 docet
1603 2677 1662 2722 (cf.
1680 2678 1759 2712 not.
1776 2677 1820 2719 2).

410 2739 435 2770 5
465 2737 577 2772 Nulla
607 2736 713 2773 Fidei
743 2737 838 2773 deae
870 2747 957 2773 cum
988 2737 1130 2773 Larum
1161 2736 1426 2781 Compitalium
1457 2734 1577 2771 sacris
1615 2734 1756 2770 arctior
1788 2730 1948 2768 conexio

363 2792 703 2837 circumspicienda
733 2796 806 2839 est,
838 2793 907 2830 sed
937 2796 1112 2829 mutuam
1138 2793 1252 2829 fidem
1278 2803 1375 2839 quae
1399 2792 1498 2828 inter
1526 2791 1692 2827 cuiusvis
1717 2787 1863 2834 collegii
1886 2797 1947 2822 so-

363 2849 470 2884 dales
500 2849 738 2886 intercedere
770 2851 881 2887 debet
910 2852 985 2888 hac
1016 2850 1257 2888 dedicatione
1286 2849 1461 2895 magistri
1491 2849 1623 2886 testati
1652 2858 1739 2884 esse
1762 2845 1946 2882 videntur.

364 2905 418 2941 Cf.
436 2905 621 2942 Wissowa
645 2908 692 2943 l.l.
712 2908 781 2944 134
792 2910 830 2944 ¹⁰.

361 3018 447 3061 386
