2040 3216
303 192 384 228 675.
1021 191 1181 235 Oropus.
1710 196 1841 243 1541'49
1859 208 1893 233 a.

302 331 371 373 md
400 334 516 388 ἡμῶν
548 331 895 389 παΙραγενομένων
928 332 985 379 εἰς
1013 331 1086 388 τὴν
1117 330 1398 388 ἐνκΚορίνθωι
1430 332 1630 375 σύνοδον4
1658 332 1893 392 ἠράΙῡισένδ

301 417 344 443 τε
373 401 470 458 ἡμῖν
501 399 570 443 καὶ
601 400 906 458 συμβουλεύσας
932 401 1212 457 παρεστήσατο
1231 399 1236 457 Ι
1254 402 1337 448 τοῖς
1357 399 1532 457 Ἀχαιοῖς
1551 401 1623 459 τὴν
1644 405 1778 445 πᾶσαν
1798 404 1896 459 πρό-

234 473 280 509 10
303 471 699 525 νοιανΔποιήσασθαι
730 467 841 526 ὑΙπέρ
871 485 915 511 τε
944 473 1015 525 τῆς
1044 470 1200 517 πόλεως
1231 470 1346 525 ἡμῶν
1376 468 1445 513 καὶ
1475 473 1545 512 τοῦ
1578 471 1686 528 ἱεροῦ
1715 474 1786 513 τοῦ
1805 470 1896 528 Ἀμ-

229 527 232 531 ”
303 537 504 595 φιαΙράου,
550 536 635 581 ἐπεὶ
669 537 738 581 καὶ
774 539 816 580 ἐν
846 540 907 580 τεῖ
932 535 1152 595 Ῥωμαίων
1192 538 1326 595 φιλίαι
1363 537 1431 581 καὶ
1456 539 1592 592 ’πίστει
1622 538 1892 599 ὃιατεΙλοῦμεν

301 657 400 693 Nam
425 657 481 693 sic
506 657 608 702 apud
631 657 830 693 Roma-nos
855 668 935 692 non
950 657 1006 692 -de
1030 657 1393 703 multa-irroganda,
1425 658 1494 694 sed
1519 657 1566 693 de
1592 658 1738 704 Oropiis
1761 659 1802 695 in
1827 670 1894 703 pa·
1931 696 1933 699 ,

300 714 414 750 triam
437 713 683 750 restituendis
708 714 899 759 agendum
923 713 1006 749 fuit.
1048 713 1160 759 Quod
1185 714 1217 749 si
1241 714 1323 759 quis
1347 714 1450 750 dicat
1473 715 1635 760 primum
1651 715 1893 752 Achaeorum

302 783 376 818 ope
398 773 577 808 reductos
602 782 688 807 esse
705 771 878 817 Oropios,
904 771 1040 807 deinde
1064 773 1219 816 propter
1243 771 1428 807 damnum
1453 773 1508 808 eis
1533 783 1620 808 cum
1641 773 1894 810 Athenienses

302 829 441 874 oppido
465 829 678 874 potirentur
702 829 835 864 datum
852 829 1015 864 multam
1040 828 1211 874 petitam,
1235 828 1273 864 id
1290 832 1494 874 propterea
1514 829 1808 875 improbandum
1833 831 1893 875 sit,

302 887 390 932 quia
419 887 582 931 primum
607 886 794 930 Achaeos,
826 886 964 922 deinde
995 886 1148 922 demum
1180 897 1227 922 ac
1261 886 1308 922 de
1340 897 1381 922 re
1406 886 1558 931 quidem
1590 887 1712 923 multo
1736 888 1893 924 minoris

300 944 486 979 momenti
509 944 710 980 Romanos
742 943 868 980 aditos
899 954 986 980 esse
1017 943 1067 979 ab
1093 936 1242 989 Oropiis
1272 943 1442 979 omnium
1473 943 1640 980 maxime
1670 944 1893 981 incredibile

301 1004 370 1037 est.
413 1001 540 1046 Quare
565 1001 621 1036 sic
645 1001 772 1046 potius
791 1003 935 1037 statuo:
963 1001 1057 1038 Cum
1074 1000 1330 1037 Athenienses
1347 1012 1396 1037 ne
1412 1001 1474 1037 vel
1495 1001 1736 1038 imminutam
1752 1003 1894 1039 Roma-

299 1069 438 1094 norum
462 1058 652 1095 beneficio
684 1059 846 1094 multam
879 1058 1091 1104 penderent
1121 1058 1367 1103 pertinaciter
1397 1061 1633 1104 recusarent,
1667 1059 1796 1108 Oropii
1819 1060 1893 1105 ipsi

300 1116 379 1152 suis
395 1116 510 1152 rebus
526 1116 731 1152 subvenire
750 1115 875 1151 coacti
886 1115 1062 1161 proxima
1075 1115 1225 1151 Atticae
1242 1115 1388 1160 rapinis
1407 1118 1445 1151 et
1455 1115 1738 1152 incursionibus
1751 1123 1891 1153 vexare

300 1177 524 1219 coeperunt;
551 1184 627 1219 qua
650 1184 691 1209 re
716 1184 845 1209 rursus
863 1173 913 1208 ad
930 1183 1039 1208 arma
1055 1173 1239 1209 concitati
1255 1173 1507 1209 Athenienses
1526 1174 1653 1219 Oropo
1676 1176 1790 1219 capto
1813 1173 1891 1210 iam

301 1240 455 1266 omnem
481 1231 666 1276 populum
692 1233 881 1266 extorrem
905 1230 1093 1265 fecerunt.
1140 1230 1252 1278 Quod
1285 1241 1331 1266 eo
1361 1230 1596 1275 probabilius
1618 1231 1770 1267 videtur
1801 1231 1893 1278 quia

300 1298 398 1333 quae
423 1288 640 1324 Pausanias
665 1288 800 1324 eodem
824 1287 889 1324 illo
913 1290 1085 1332 tempore
1121 1287 1295 1323 evenisse
1319 1288 1436 1323 refert
1459 1286 1506 1323 de
1530 1290 1646 1332 pacto
1669 1288 1769 1324 inter
1793 1288 1891 1324 duas

299 1345 486 1390 civitates,
510 1347 591 1380 tam
618 1345 788 1381 absurda
812 1347 913 1388 sunt,
938 1347 980 1380 ut
1003 1355 1082 1380 non
1106 1344 1337 1390 nequiquam
1355 1345 1385 1381 J.
1403 1344 1576 1390 Toepfser
1591 1345 1774 1382 Realenc.
1791 1345 1891 1382 1183

299 1402 445 1447 dixerit,
471 1402 503 1438 si
528 1403 625 1438 haec
652 1403 838 1438 memoria
861 1405 965 1438 recte
990 1413 1032 1438 se
1049 1403 1221 1447 haberet,
1243 1413 1413 1438 vesanos
1432 1402 1592 1447 Oropios
1613 1402 1891 1439 existimandos

299 1470 395 1497 esse.
434 1460 490 1496 Ac
514 1460 595 1496 veri
618 1460 820 1505 vestigium
850 1460 1017 1496 residere
1041 1460 1194 1495 videtur
1217 1460 1455 1505 potissimum
1486 1459 1526 1495 in
1551 1460 1607 1495 eis
1631 1470 1730 1505 quae
1753 1460 1817 1496 ille
1842 1460 1889 1496 de

297 1517 487 1560 praesidio
505 1519 658 1565 (φρουρά)
673 1517 788 1562 Oropi
806 1517 998 1553 collocato
1016 1517 1120 1561 dicit;
1147 1517 1247 1562 quod
1263 1519 1307 1552 ut
1323 1517 1426 1562 apud
1440 1516 1564 1562 ipsum
1582 1518 1745 1553 conexui
1761 1528 1888 1553 rerum

299 1578 493 1620 gestarum
519 1575 676 1611 omnino
693 1578 894 1620 repugnat,
920 1575 976 1611 sic
1002 1586 1049 1610 ex
1071 1573 1290 1610 testimonio
1316 1575 1363 1610 de
1380 1574 1566 1610 cleruchis
1591 1585 1637 1610 eo
1653 1574 1779 1611 missis
1803 1577 1892 1620 post

297 1633 479 1678 pristinos
502 1633 651 1668 incolas
676 1633 857 1678 expulsos
874 1635 1008 1668 natum
1025 1632 1184 1668 videtur.
1225 1632 1284 1667 Ad
1301 1643 1416 1677 quam
1434 1631 1667 1667 cleruchiam
1691 1632 1790 1667 bene
1807 1631 1888 1667 wil.

298 1689 442 1725 rettulit
465 1700 664 1726 nummum
691 1701 714 1726 a
730 1690 919 1726 Koehlero
945 1689 1177 1734 descriptum
1203 1689 1301 1733 (Ath.
1317 1689 1410 1724 Mitt.
1426 1689 1475 1726 IV
1492 1689 1583 1733 250),
1609 1689 1716 1725 cuius
1740 1689 1811 1724 etsi
1833 1688 1891 1724 in-

298 1747 451 1792 scriptio
487 1751 687 1783 ΩΡΩΠΙΩΝ
726 1758 847 1792 aeque
883 1748 982 1782 bene
1019 1748 1064 1783 de
1102 1747 1264 1792 antiquis
1299 1747 1434 1782 incolis
1470 1745 1714 1791 intellegitur,
1753 1745 1889 1791 quibus

296 1805 505 1840 Koehlerus
530 1805 601 1840 hos
626 1815 806 1840 nummos
830 1804 961 1839 tribuit
986 1804 1088 1848 (Mitt.
1106 1804 1153 1839 IV
1169 1804 1247 1839 263.
1274 1803 1320 1840 Vl
1336 1803 1427 1846 242),
1451 1806 1582 1839 tamen
1608 1813 1675 1838 eos
1701 1802 1750 1838 ab
1773 1803 1888 1838 Athe-

297 1861 484 1896 niensium
508 1873 548 1898 re
567 1863 784 1897 nummaria
800 1861 966 1906 pendere
990 1860 1179 1905 imagines
1202 1861 1361 1896 incusae
1387 1860 1537 1896 docent.
1580 1859 1690 1905 Quod
1707 1858 1886 1905 quoniam

296 1928 341 1952 eo
366 1920 537 1963 ternpore
562 1929 636 1963 quo
659 1918 699 1952 in
716 1917 1007 1954 Atheniensium
1025 1919 1217 1962 potestate
1242 1920 1324 1953 erat
1341 1916 1523 1962 oppidum
1542 1917 1722 1962 antiquos
1738 1916 1887 1953 incolas

295 1975 473 2010 exulasse
499 1986 546 2010 ex
562 1976 638 2011 hac
655 1975 788 2011 tabula
804 1974 1013 2019 didicimus,
1039 1975 1131 2010 nihil
1147 1977 1266 2012 restat
1282 1974 1355 2010 nisi
1376 1976 1418 2010 ut
1436 1973 1623 2010 cleruchis
1638 1975 1740 2010 hanc
1756 1984 1888 2010 mone-

294 2025 658 2069 tam'vindicemus.
707 2032 881 2068 Ceterum
914 2032 1003 2067 inde
1037 2033 1085 2067 ab
1113 2043 1145 2068 a.
1163 2032 1232 2068 322
1263 2043 1385 2078 usque
1416 2032 1467 2068 ad
1496 2031 1653 2068 Antonii
1676 2031 1886 2078 Augustive

292 2092 467 2134 tempora
495 2092 649 2135 praeter
678 2089 783 2125 illam
815 2089 1030 2126 brevissimi
1058 2090 1242 2134 temporis
1268 2089 1563 2135 occupationem
1589 2089 1756 2134 Oropum
1789 2088 1887 2124 nun-v

294 2157 409 2192 quam
433 2147 474 2182 in
499 2147 790 2182 Atheniensium
816 2146 965 2182 dicione
990 2146 1108 2183 fuisse
1134 2147 1414 2182 demonstravit
1430 2146 1525 2191 Wil.,
1549 2156 1713 2182 monens
1737 2145 1884 2182 Livium

294 2204 444 2250 quidem
469 2204 567 2241 XLV
583 2205 639 2249 27,
657 2205 703 2240 10
728 2205 824 2248 (inde
850 2204 1010 2250 Oropum
1033 2205 1173 2240 Atticae
1196 2208 1340 2240 ventum
1364 2208 1424 2247 est)
1455 2215 1552 2239 suae
1586 2204 1725 2239 aetatis
1754 2202 1885 2239 condi·
1934 2229 1937 2231 >

293 2262 405 2297 cione
428 2261 543 2297 facile
567 2262 649 2298 falli
673 2262 846 2306 potuisse
872 2262 930 2306 (cf.
956 2273 991 2298 n.
1010 2262 1125 2306 6654),
1149 2261 1382 2298 Pausaniam
1406 2272 1498 2297 vero
1524 2271 1611 2297 cum
1636 2261 1682 2296 de
1708 2261 1802 2296 anni
1817 2260 1885 2296 156

291 2319 406 2355 rebus
430 2318 574 2355 diceret
599 2319 774 2364 V1111‚4
798 2318 984 2365 Ἀθηναίων
1010 2321 1027 2354 ὁ
1052 2320 1163 2365 δῆμος
1186 2339 1233 2345 -
1258 2316 1670 2366 διαρπάζουσινᾭρωπὸν
1696 2318 1882 2364 ὑπήκοόν

293 2389 437 2422 σφισιν
464 2377 590 2412 οὖσαν
615 2377 822 2412 manifesto
855 2376 1117 2412 narrationem
1153 2375 1318 2412 auctoris
1349 2376 1409 2411 sui
1437 2375 1564 2411 verbis
1594 2386 1643 2410 ex
1664 2374 1882 2420 Thucydide

291 2433 394 2478 1123,
411 2433 434 2468 3
460 2431 640 2479 (Ὠρώπιοι
663 2432 848 2480 Ἀθηναίων
875 2434 1035 2481 ὑπήκοοι)
1061 2433 1303 2479 interpolatis
1329 2433 1553 2478 corrupisse,
1577 2432 1616 2468 id
1639 2432 1741 2478 quod
1765 2431 1881 2468 etiam

290 2490 516 2526 femininum
541 2501 660 2535 genus
687 2490 779 2535 (ipse
797 2491 1013 2526 Pausanias
1038 2495 1057 2534 5
1075 2491 1098 2526 8
1121 2488 1353 2536 τὸνὨρωπόν
1379 2490 1497 2525 habet
1519 2492 1561 2525 ut
1587 2489 1651 2525 alii
1673 2493 1818 2533 omnes)
1844 2490 1882 2524 et

287 2547 408 2592 ipsius
424 2548 479 2583 rei
496 2547 713 2583 absurditas
733 2548 922 2592 probaret.
1019 2551 1047 2583 4
1063 2548 1193 2594 Neque
1210 2548 1325 2583 hulus
1343 2548 1556 2582 conventus
1574 2556 1700 2592 neque
1717 2546 1798 2581 eius
1816 2544 1881 2591 qui

289 2607 428 2648 postea
451 2608 499 2648 (v.
514 2605 569 2647 14)
596 2604 705 2649 Argis
724 2605 879 2640 habitus
904 2608 962 2640 est
986 2607 1136 2650 tempus
1154 2604 1345 2650 explorari
1369 2606 1507 2650 potest,
1533 2603 1608 2639 nisi
1627 2603 1729 2649 quod
1754 2613 1801 2638 ex
1825 2603 1880 2638 eis

291 2672 388 2705 quae
414 2664 489 2697 not.
508 2663 531 2697 3
556 2662 748 2707 disputata
773 2664 862 2697 sunt
885 2664 1089 2708 utrumque
1113 2664 1156 2698 ut
1181 2673 1284 2698 anno
1301 2662 1370 2698 155
1396 2662 1594 2707 aliquanto
1618 2660 1878 2705 posteriorem,

291 2717 345 2752 sic
372 2728 474 2753 anno
500 2719 568 2754 149
593 2719 756 2763 priorem
783 2719 898 2755 fuisse
925 2719 1125 2765 colligitur.
1235 2722 1260 2754 5
1287 2719 1367 2754 Etsi
1390 2719 1488 2754 haec
1512 2728 1589 2753 vox
1614 2718 1730 2753 etiam
1754 2719 1879 2753 trans-

289 2774 366 2808 late
392 2774 439 2808 de
465 2776 634 2819 quolibet
651 2776 863 2811 adiumenti
887 2787 1024 2821 genere
1046 2779 1261 2821 usurpatur,
1286 2779 1416 2812 tamen
1441 2786 1519 2811 non
1545 2778 1601 2810 est
1626 2785 1691 2810 cur
1715 2784 1794 2809 non
1817 2772 1878 2807 hic

290 2830 439 2873 proprie
464 2831 509 2865 de
535 2833 704 2875 pecuniis
724 2833 894 2869 collectis
912 2834 1047 2879 quibus
1065 2834 1240 2869 homines
1257 2834 1386 2869 exules
1411 2835 1448 2868 et
1473 2832 1584 2878 egeni
1607 2831 1878 2867 adiuvarentur

289 2886 591 2930 interpretemur.

289 2999 373 3041 258
383 3033 385 3035 ,
