2040 3216
396 211 475 250 764.
979 212 1205 258 Mytilenaei,
1230 213 1402 250 Potamo.
1834 226 1866 252 c.
1881 216 1928 253 45
1945 227 1981 252 a.

397 352 502 409 [περὶ
532 355 587 395 ὧν
608 353 866 411 π]ρεσβευταὶ
888 352 1202 409 ΜυτιληναίωνΙ
1227 353 1426 410 Ποτάμων
1446 353 1783 412 Λεσβῶνακτοςὲ,
1808 355 1981 403 Φαινίας

492 459 510 491 1
543 456 711 501 Lapides
741 455 956 502 complures
988 466 1035 491 ex
1065 456 1272 501 magnifico
1302 456 1528 492 Potamonis
1557 458 1645 501 (not.
1663 457 1696 500 2)
1729 459 1980 493 monumento

395 513 604 550 honorario
620 524 820 559 superesse
836 513 930 549 vidit
946 513 1085 558 Paton;
1114 513 1212 549 adde
1230 513 1316 549 Ath.
1333 513 1427 549 Mitt.
1445 513 1547 549 XXX
1563 513 1655 550 1905
1672 514 1846 558 (correxit
1861 514 1980 560 Papa-

395 571 551 617 georgiu
580 570 654 608 Νέα
686 568 818 618 Ἡμέρα
843 570 956 615 [1908]
987 571 1079 606 1738
1112 571 1249 615 [2715]).
1296 571 1339 606 Ei
1373 571 1581 607 multarum
1615 572 1852 617 legationum
1887 572 1981 608 alio-

393 639 553 675 rumque
582 627 822 674 negotiorum
852 628 1105 674 publicorum,
1139 628 1274 674 quibus
1304 628 1367 664 ille
1391 628 1626 674 interfuerat,
1658 629 1808 666 litterae
1834 629 1980 666 incisae

393 688 513 722 erant.
561 685 687 732 Atque
715 686 790 722 hoc
822 686 974 732 quidem
1010 686 1391 722 senatusconsultum
1427 686 1581 723 omissis
1612 686 1876 733 praescriptis,
1912 687 1981 724 sed

393 743 586 789 ceteroqui
612 743 821 788 integrum,
851 743 1038 779 insertum
1070 745 1154 779 erat
1184 744 1371 788 epistulae
1395 743 1432 780 C.
1452 743 1627 780 Caesaris
1657 744 1707 780 ad
1729 744 1980 790 Mytilenaeos

393 801 519 845 datae,
545 800 653 836 cuius
676 800 773 836 initii
797 800 930 837 dextra
959 800 1075 836 modo
1106 811 1195 845 pars
1227 801 1267 836 in
1292 800 1367 836 alio
1391 801 1518 846 lapide
1547 803 1702 838 servata
1727 805 1787 838 est
1809 812 1898 838 cum
1920 802 1979 838 his

391 858 655 904 praescriptis:
689 860 894 907 [γράμματα]
919 857 1092 906 Καίσαρος
1117 859 1219 894 θεοῦ·
1239 858 1244 905 Ι
1264 857 1379 903 [Γάϊος
1403 858 1545 898 Ἰούλιος
1568 857 1704 907 Καῖσαρ
1737 860 1979 907 αὐτοκράτ]ωρ,

391 917 559 962 δικτάτωρ
587 918 638 961 τ[ὸ
666 916 801 963 τ]ρίτον,
830 915 1170 962 καθε[στοιμὲνος1τὸ
1202 917 1361 963 τέταρτον
1392 920 1438 961 (a.
1461 916 1532 961 45),
1559 915 1803 963 Μυτιληναίων
1835 917 1979 966 ἄρχουσι

392 974 528 1021 βου]λῆι
552 974 654 1021 δήμῳ
678 974 809 1022 χαίρειν
833 974 892 1009 καὶ
917 973 1087 1022 ἐρρῶσθαι
1108 975 1167 1009 καὶ
1181 973 1186 1020 Ι
1201 974 1396 1021 [ὑγιαίνειν].
1430 973 1586 1020 Aliquot
1607 973 1780 1010 versibus
1802 976 1890 1020 post
1913 985 1978 1010 ex-

390 1033 498 1067 stant
519 1031 649 1075 verba,
675 1031 811 1077 quibus
837 1041 879 1067 se
903 1031 1119 1076 exemplum
1144 1031 1471 1067 senatusconsulti
1487 1030 1537 1067 ad
1553 1030 1807 1076 mytilenaeos
1828 1032 1978 1068 mittere

388 1089 535 1125 indicat
561 1090 819 1136 ([ὃι]οιπέπομφα
843 1090 926 1135 πρὸς
952 1088 1040 1135 ὑμᾶς
1063 1090 1101 1124 τὸ
1127 1089 1376 1136 ἀ[ντίγραφον]).
1409 1089 1502 1124 Post
1523 1087 1638 1124 huius
1654 1089 1980 1125 senatusconsulti

390 1147 508 1183 finem
531 1146 571 1182 in
596 1147 733 1183 eodem
756 1146 886 1192 lapide
909 1146 1076 1192 pergitur
1098 1146 1138 1182 in
1163 1146 1328 1192 epistula
1352 1147 1450 1191 [ἐπ]εὶ
1475 1147 1513 1181 δὲ
1535 1146 1595 1181 καὶ
1617 1147 1780 1195 πρότερον
1805 1146 1979 1195 ἐνετύχετὲ

391 1218 450 1250 μοι
471 1206 531 1240 καὶ
556 1205 687 1253 ἔγραψα
710 1206 794 1251 πρὸς
819 1204 926 1250 ὑμᾶς,
960 1204 1028 1239 sed
1051 1203 1092 1239 in
1115 1204 1176 1239 his
1199 1203 1391 1249 lapidibus
1419 1204 1487 1239 uni
1515 1203 1631 1239 modo
1654 1202 1784 1239 versui
1812 1203 1977 1249 spatium

388 1262 623 1307 relinquitur,
648 1262 797 1308 reliqua
825 1262 866 1297 in
895 1261 1053 1297 inferius
1083 1260 1305 1307 contiguum
1336 1272 1409 1307 par
1436 1260 1606 1307 lapidum
1636 1260 1976 1306 transgrediuntur,

388 1331 438 1355 ex
461 1319 596 1366 quibus
618 1329 748 1355 rursus
773 1320 907 1355 dexter
929 1319 1045 1355 modo
1071 1321 1254 1364 superest,
1277 1320 1322 1354 ut
1343 1329 1394 1354 ne
1418 1318 1507 1354 finis
1531 1317 1683 1364 quidem
1708 1318 1895 1364 epistulae
1917 1318 1978 1354 in-

389 1380 495 1423 teger
517 1378 642 1413 exstet
668 1379 735 1413 aut
759 1379 865 1412 certa
889 1377 1037 1413 ratione
1060 1376 1208 1412 restitui
1231 1376 1364 1421 possit.
1413 1376 1590 1413 Ceterum
1614 1378 1707 1412 ante
1730 1376 1804 1412 has
1827 1375 1976 1411 litteras

388 1435 489 1470 aliae
513 1434 660 1471 incisae
685 1437 796 1471 erant
821 1435 914 1471 anni
929 1435 975 1470 47
1000 1435 1200 1481 ([ὃικτάτωρ]
1224 1436 1263 1470 τὸ
1281 1434 1460 1481 δε[ύτερ]ον
1476 1444 1513 1470 v.
1530 1434 1575 1478 1),
1591 1444 1752 1480 quorum
1775 1443 1977 1479 argumen-

387 1494 468 1527 tum
499 1492 760 1528 Mommsenus
790 1492 934 1528 rettulit
966 1492 1017 1528 ad
1046 1492 1281 1538 legationem
1310 1490 1626 1537 Mytilenaeorum
1657 1492 1747 1536 post
1774 1489 1975 1527 victoriam

386 1549 650 1585 Pharsalicam
676 1550 726 1586 ad
751 1550 958 1586 Caesarem
982 1550 1158 1594 missam,
1192 1549 1302 1585 cuius
1335 1549 1501 1584 eundem
1526 1549 1743 1585 Potamona
1765 1547 1973 1594 principem

387 1607 503 1642 fuisse
527 1617 575 1642 ex
598 1618 635 1643 v.
652 1607 697 1643 13
721 1609 778 1643 τὸν
804 1607 998 1653 Ποτάμωνα
1029 1608 1242 1652 appareret.
1288 1606 1353 1642 Eis
1382 1606 1602 1651 petentibus
1629 1605 1785 1641 veniam
1815 1604 1972 1650 civitati,

387 1675 486 1710 quae
511 1666 628 1700 antea
651 1664 834 1710 Pompeio
859 1664 1083 1700 fidelissima
1106 1664 1242 1708 fuerat,
1267 1663 1460 1699 concessit
1485 1664 1638 1700 Caesar.
1686 1662 1827 1699 Postea
1850 1662 1973 1698 altera

385 1721 580 1767 legatione
595 1722 715 1758 missa
730 1722 804 1757 hoc
818 1721 1193 1758 senatusconsultum
1208 1720 1255 1756 de
1267 1720 1564 1766 redintegrando
1576 1720 1731 1755 foedere
1742 1719 1889 1755 factum
1900 1722 1972 1756 est.

432 1782 459 1815 2
483 1779 698 1815 Potamona
723 1779 772 1814 ad
797 1779 935 1815 Tiberii
952 1778 1128 1815 Caesaris
1153 1779 1321 1814 aetatem
1345 1777 1462 1813 refert
1479 1777 1619 1813 Suidas
1642 1787 1708 1812 av.
1725 1777 1972 1824 (ἐσοφίστευσεν

387 1838 421 1871 ἐν
433 1834 562 1883 Ῥώμῃ
581 1838 637 1872 ἐπὶ
653 1835 825 1883 Καίσαρος
841 1836 1028 1884 Τιβερίου);
1047 1846 1134 1871 eum
1153 1845 1226 1880 quo
1243 1836 1415 1880 tempore
1433 1835 1582 1870 Seneca
1597 1833 1794 1870 suasorias
1808 1834 1971 1880 scripsit,
2038 1863 2040 1871 .

383 1894 442 1929 i.e.
459 1893 540 1929 fere
565 1904 599 1929 a.
616 1893 663 1929 38
679 1905 713 1939 p.
733 1893 829 1938 Chr„
853 1893 932 1928 iam
955 1894 1147 1928 mortuum
1173 1892 1292 1928 fuisse
1316 1902 1364 1927 ex
1386 1890 1565 1937 perfectis
1580 1891 1655 1936 fuit
1670 1911 1714 1917 —
1728 1891 1846 1938 viguit
1869 1892 1971 1936 apud
2036 1907 2040 1914 ·

382 1951 489 1986 illum
519 1951 552 1995 2,
577 1950 622 1985 15
654 1950 806 1995 collegit
838 1949 1034 1986 Cichorius
1066 1950 1164 1985 Rom
1195 1949 1276 1985 und
1305 1949 1485 1993 Mytilene
1514 1959 1550 1994 p.
1566 1948 1629 1993 62;
1666 1948 1969 1994 nonagenarium
2032 1962 2040 1985 ,τ

386 2008 528 2044 obiisse
551 2009 714 2044 testatur
738 2006 930 2044 Lucianus
954 2007 1122 2043 Macrob.
1139 2007 1195 2043 23.
1244 2007 1419 2043 Ceterum
1445 2017 1533 2042 cum
1558 2005 1596 2042 C.
1613 2005 1686 2042 hos
1718 2005 1851 2042 titulos
1873 2015 1971 2052 quos
2038 2025 2040 2027 ·

385 2065 557 2101 nondum
581 2064 751 2110 integros
775 2066 939 2100 noverat
965 2065 1014 2100 ad
1030 2064 1193 2110 Augusti
1214 2064 1471 2109 principatum
1494 2063 1664 2108 referret,
1688 2073 1768 2099 non
1792 2062 1843 2099 ab
1866 2063 1972 2099 omni
2036 2057 2040 2082 ·'

383 2124 493 2168 parte
516 2124 620 2157 recte
645 2122 691 2158 de
717 2121 800 2157 eius
831 2123 958 2157 aetate
988 2122 1157 2157 iudicare
1187 2124 1348 2167 poterat.
1395 2121 1505 2157 Nunc
1537 2131 1624 2156 cum
1658 2131 1747 2156 eum
1769 2119 1847 2156 iam
1872 2130 1906 2156 a.
1923 2121 1969 2156 47
2033 2158 2040 2162 ν

381 2179 487 2215 haud
502 2180 608 2216 leves
624 2181 752 2225 partes
768 2179 809 2215 in
825 2179 1021 2224 republica
1033 2180 1196 2225 gessisse
1212 2179 1412 2215 videamus
1430 2180 1519 2223 (not.
1537 2179 1582 2223 1),
1599 2179 1663 2214 vix
1679 2180 1766 2223 post
1782 2189 1817 2214 a.
1832 2177 1876 2214 75
1900 2189 1969 2213 na·
2038 2195 2040 2206 ι

384 2240 465 2272 tum
491 2239 718 2282 statuemus,
745 2247 830 2273 cum
854 2237 916 2272 ille
943 2237 1142 2283 aliquanto
1158 2236 1347 2272 minorem
1365 2238 1461 2272 natu
1477 2235 1763 2272 existimaverit.
1794 2234 1845 2271 At
1868 2235 1969 2281 quod
2030 2246 2034 2280 j

382 2295 460 2331 iam
486 2295 525 2331 C.
551 2294 652 2340 dixit,
677 2294 817 2330 Suidae
842 2306 921 2330 non
947 2295 1179 2330 credendum
1204 2305 1289 2330 esse
1314 2294 1361 2329 de
1384 2295 1566 2339 tempore,
1591 2293 1728 2339 quippe
1753 2291 1970 2339 qui'l'iherii
2028 2294 2038 2324 ζ’

381 2352 680 2388 familiaritatem
707 2362 792 2387 cum
815 2352 1030 2387 Potamone
1056 2363 1154 2397 quae
1179 2351 1334 2397 Augusti
1362 2350 1578 2396 principatu
1605 2349 1741 2386 fuisset
1766 2359 1968 2395 perperam
2026 2350 2037 2386 ἒ·

383 2410 431 2445 ad
456 2409 575 2455 ipsius
597 2409 795 2454 imperium
820 2410 1038 2454 rettulisset,
1063 2409 1101 2444 id
1125 2419 1228 2444 nunc
1261 2408 1432 2444 omnium
1457 2406 1710 2443 certissimum
1743 2408 1800 2442 est
1821 2406 1968 2442 haben-

384 2468 481 2503 dum.
532 2467 648 2502 Pater
672 2466 894 2503 Potamonis
917 2466 1122 2503 Lesbonax
1146 2466 1396 2511 philosophus
1418 2466 1580 2501 vocatur
1610 2464 1651 2500 in
1674 2463 1784 2499 titulo
1810 2463 1967 2501 alterius

382 2536 416 2569 p.
435 2525 519 2560 Chr.
538 2524 686 2560 saeculi
708 2524 757 2560 IG
773 2523 839 2559 XII
855 2525 888 2568 2,
905 2524 990 2559 255:
1017 2523 1103 2570 Αὐρ.
1119 2522 1326 2570 Ἀρτεμισίαν
1343 2543 1389 2548 -
1404 2523 1464 2557 τὰν
1490 2521 1660 2569 ἀπόγονον
1684 2521 1894 2568 Ποτάμωνος
1916 2527 1966 2556 τῶ
2024 2564 2025 2568 ¹

379 2583 552 2628 νομοθέτα
575 2583 634 2617 καὶ
658 2582 902 2627 Λεσβώνοικτος
932 2589 981 2616 τῶ
1016 2581 1195 2628 φιλοσόφου
1224 2582 1321 2625 wib]
1354 2581 1578 2626 εὖεργέταιΜ.
1627 2578 1863 2615 Confirmant
1890 2578 1966 2613 hoc
2038 2574 2040 2595 ⁴

382 2639 526 2675 nummi
550 2650 636 2675 cum
666 2638 913 2683 inscriptione
939 2639 1123 2685 Λεσβῶναξ
1153 2639 1341 2684 φιλόσοφος
1372 2639 1409 2672 et
1434 2636 1573 2672 Suidas
1596 2636 1779 2681 Λεσβῶναξ
1808 2634 1966 2681 Μυτιλη-

379 2702 475 2735 ναῖος
495 2698 683 2743 φιλόσοφος
700 2724 751 2741 --,
769 2698 882 2743 πατὴρ
900 2696 1122 2742 Ποτάμωνος.
1166 2695 1260 2731 Hinc
1278 2694 1474 2730 Cichorius
1492 2694 1599 2737 (Rom
1622 2693 1701 2728 und
1715 2692 1893 2738 Mytilene
1907 2691 1964 2735 65)

380 2755 482 2787 recte
509 2754 663 2799 collegit
678 2754 960 2799 philosophum,
986 2764 1010 2789 a
1027 2764 1100 2799 quo
1117 2753 1234 2798 plane
1258 2751 1563 2797 distinguendum
1580 2751 1699 2786 multo
1714 2748 1964 2785 recentiorem

380 2809 487 2844 cuius
510 2810 701 2847 Lucianus
732 2810 779 2846 de
804 2811 888 2846 salt.
907 2811 952 2846 69
983 2810 1217 2846 mentionem
1246 2810 1390 2845 faceret
1422 2808 1554 2844 docuit
1576 2807 1710 2843 Rohde
1736 2807 1795 2843 Gr.
1811 2806 1962 2841 Roman

378 2866 481 2909 341³,
506 2878 585 2901 non
609 2868 735 2903 minus
753 2879 931 2913 perverse
949 2879 973 2904 a
991 2867 1109 2904 Suida
1133 2868 1183 2903 ad
1198 2866 1355 2912 Augusti
1373 2867 1539 2902 aetatem
1556 2864 1696 2908 referri,
1715 2873 1829 2909 quam
1846 2861 1962 2897 filium

380 2922 429 2956 ad
447 2922 597 2967 Tiberii;
625 2924 786 2960 alterum
802 2936 967 2961 errorem
986 2936 1033 2961 ex
1059 2925 1176 2961 altero
1195 2926 1326 2960 natum
1343 2933 1428 2959 esse
1443 2922 1572 2958 videri.
1606 2921 1742 2966 Utique
1758 2919 1962 2956 Lesbonax

383 3034 469 3078 450
