1982 3236
330 157 411 193 535.
772 157 1012 194 Cretensium
1037 157 1204 194 foedera.
1252 158 1490 197 Eumaridas.
1778 163 1871 200 ⁷216
1889 175 1928 201 a.

330 296 431 353 κα[ὶ]
449 297 454 355 Ι
473 300 550 340 τῶν
573 296 707 340 ἄλλων
729 301 808 341 τῶν
831 298 877 340 ἐκ
896 303 968 354 τῆς
989 300 1158 353 πόλεως,
1189 296 1343 346 πολλὰς
1363 297 1433 340 καὶ
1457 298 1633 356 μεγάλας
1652 300 1804 360 χρείΙας
1824 318 1928 359 παρ-

329 367 472 424 έσχετο
503 370 577 409 τῶι
617 367 752 423 δήμωι
786 366 856 409 καὶ
885 368 1172 424 προεισήνεγκε
1201 369 1395 423 χρήματα
1426 366 1484 426 ἐΙκ
1512 371 1591 411 τῶν
1630 368 1738 412 ἰδίων
1774 371 1832 418 εἰς
1870 369 1921 413 τὰ

259 440 308 476 10
330 434 458 479 εἴκοσι
488 434 666 478 τάλαντα
686 433 737 478 τὰ
761 436 1108 493 συνφωνηθέντα4
1129 435 1226 492 ὑπὲρ
1243 434 1252 493 Ι
1268 439 1345 479 τῶν
1368 437 1649 494 αἰχμαλώτων,
1672 436 1858 482 ἐδάνεισε
1879 439 1924 482 δὲ

289 554 293 557 p
328 504 398 547 καὶ
428 505 511 553 τοῖς
534 505 699 548 ἁλοῦσιν
731 505 788 552 εἰς
810 506 1001 561 ἐφόδιαὸ,
1023 504 1028 562 Ι
1047 504 1115 549 καὶ
1136 508 1204 547 νῦν
1227 505 1535 554 ἀποστείλαντος
1556 509 1627 549 τοῦ
1654 508 1784 563 δήμου
1804 524 1926 565 πρεσ-

332 573 490 631 βευτάς,
529 576 638 622 ὅπως
667 572 719 615 τά
740 573 805 630 Ιτε
836 572 1107 630 φιλάνθρωπα
1139 574 1320 629 διαμένει
1358 573 1457 631 πρὸς
1487 573 1637 623 πάντας
1667 574 1924 633 Κρηταιεῖςθ

328 642 399 686 καὶ
418 641 499 696 ἵνα,
523 642 529 700 Ι
548 641 588 686 εἴ
604 659 681 685 που
701 641 886 700 λάφυρον
909 643 1155 685 ἀποδέδοται
1173 643 1257 690 τοῖς
1277 644 1571 687 καταπλέουσιν
1581 644 1619 699 7,
1643 645 1764 702 ἀρθεῖ
1781 645 1923 702 τοΰΙτο,

258 718 305 754 15
330 713 601 769 συνηγόρησεν
632 713 691 759 εἰς
710 711 754 754 τὸ
775 710 910 758 πάντα
929 712 1170 769 πραχθῆναι
1189 709 1241 754 τὰ
1263 712 1510 770 συνφέροντα
1526 711 1535 770 Ι
1550 716 1626 756 τῶι
1648 714 1802 772 δήμωι·
1833 731 1925 757 συν-

328 781 595 838 επρέσβευσεν
634 780 677 824 δὲ
708 780 778 824 καὶ
809 782 866 829 εἰς
898 779 1065 824 Κνωσὸν
1096 780 1166 823 καὶ
1195 779 1287 828 τοὺς
1319 780 1579 839 συμμάΙχους,
1620 782 1748 826 ἔδωκε
1779 782 1824 826 δὲ
1854 782 1923 826 καὶ

328 848 542 898 ἐπιστολὰς
576 850 658 898 τοῖς
688 851 951 907 πρεσβευταῖς
982 851 1039 898 εἰς
1071 849 1336 907 ΠολύΙρηνα8
1366 849 1464 908 πρὸς
1494 849 1586 900 τοὺς
1623 852 1778 909 φίλους,
1814 854 1923 900 ὅπως

328 919 762 976 συνπραγματέυωνται
793 916 877 975 μετ’
905 917 1048 977 αόΙτῶν
1067 918 1160 976 περὶ
1179 922 1258 962 τῶν
1281 920 1583 976 συμφερόντων·
1615 920 1859 978 ἀναδέχεται
1879 921 1923 964 δὲ

326 987 399 1044 τὴν
430 990 563 1030 πᾶσαν
595 986 838 1045 ἐπιμέΙλειαν
869 989 1117 1045 ποιήσεσθαι
1136 991 1207 1030 τοῦ
1238 988 1442 1044 διαμένειν
1463 986 1518 1039 τὰ,
1546 987 1819 1046 φιλάνθρωπα
1848 994 1923 1032 τῶι

256 1062 302 1098 20
329 1054 631 1113 δήμω[ι]Ιπρὸς
660 1055 752 1104 τοὺς
783 1057 991 1105 οἰκοῦντας
1023 1058 1068 1112 ἐγ
1094 1054 1251 1113 Κρήτει
1279 1055 1450 1105 πάντας·
1481 1058 1590 1105 ὅπως
1619 1056 1668 1100 ἂν
1700 1057 1769 1101 οὖν
1799 1058 1869 1101 καὶ
1901 1060 1922 1100 ὁ

328 1123 467 1182 δῆΙμος
498 1125 690 1182 φαίνηται
720 1128 844 1180 τιμῶν
876 1124 968 1173 τοὺς
1000 1125 1359 1181 ἀποδεικνυμένους
1399 1127 1450 1182 ἣν
1481 1125 1643 1183 ἔχουσιν
1676 1125 1840 1185 αἵΙρεσιν
1872 1129 1924 1183 ἐμ

324 1193 443 1236 παντὶ
472 1196 630 1250 καιρῶι,
666 1194 814 1249 ἀγαθεῖ
843 1194 959 1250 τύχει
989 1195 1187 1250 δεδόχθαι
1214 1197 1289 1236 τῶι
1318 1195 1463 1250 δήμωι,
1485 1193 1489 1251 Ι
1508 1195 1722 1238 ἐπαινέσαι
1741 1193 1923 1252 Εὐμαρί-

326 1264 400 1304 δαν
433 1260 664 1309 Πανκλέους
685 1259 1001 1317 Κυδωνιάτηνθ,
1032 1262 1101 1304 καὶ
1133 1260 1403 1318 στεφαΙνῶσαι
1435 1262 1554 1305 αὐτὸν
1584 1266 1742 1320 χρυσῶι
1772 1262 1924 1321 στεφά-

418 1377 447 1410 4
478 1374 586 1420 Quae
609 1376 652 1410 ut
675 1375 936 1419 penderentur
965 1375 1065 1410 inter
1088 1375 1346 1410 Athenienses
1378 1376 1417 1411 et
1441 1375 1641 1412 Cretenses
1673 1380 1922 1414 convenerat.

374 1435 399 1467 5
417 1432 472 1469 Cf.
482 1432 597 1476 15711.
612 1432 680 1468 184
687 1450 729 1475 41·
742 1432 858 1475 30444.
871 1432 988 1476 40231.
1022 1432 1190 1467 ἐδάνεισεν
1209 1431 1292 1467 sine
1305 1431 1456 1467 obiecto
1473 1442 1542 1478 pro
1555 1434 1720 1481 χρήματα
1736 1425 1931 1480 ἐδάνεισεν(

325 1492 367 1526 ut
384 1501 420 1526 n.
433 1489 541 1533 70814
555 1490 602 1529 εἰς
618 1489 725 1538 λύτρα
741 1490 921 1537 προτιθείς.
1017 1492 1043 1525 6
1068 1489 1116 1526 Ut
1132 1499 1219 1525 cum
1243 1489 1466 1525 omnibus
1484 1489 1727 1527 Cretensibus
1751 1489 1922 1527 amicitia.

325 1547 561 1592 concilietur,
576 1546 695 1592 legati
709 1546 910 1582 mittuntur
925 1546 1095 1582 Cnosum
1111 1549 1157 1590 (v.
1168 1546 1224 1590 15)
1242 1547 1282 1581 et
1296 1545 1583 1591 Polyrrheniam
1600 1549 1646 1591 (v.
1655 1547 1712 1583 16.
1721 1547 1789 1591 17).
1830 1547 1923 1584 Inde

326 1607 490 1650 apparet
519 1607 600 1640 tum
629 1605 751 1640 totam
782 1604 949 1640 insulam
978 1604 1019 1639 in
1050 1604 1147 1639 duas
1175 1605 1304 1648 partes
1329 1603 1492 1639 divisam
1516 1602 1644 1650 fuisse,
1676 1614 1841 1650 quarum
1868 1605 1923 1642 al·

326 1661 444 1698 terius
471 1661 613 1707 Cnosii,
645 1661 801 1698 alterius
825 1660 1061 1706 Polyrrhenii
1090 1660 1345 1706 principatum
1378 1662 1565 1707 tenerent,
1597 1656 1667 1697 sed
1697 1661 1799 1698 inter
1821 1662 1920 1698 haec

327 1719 403 1755 duo
434 1719 592 1755 foedera
623 1729 762 1763 pacem
794 1718 922 1754 fuisse.
972 1719 1080 1764 Quae
1113 1720 1291 1754 accurate
1317 1717 1555 1754 conveniunt
1578 1727 1667 1754 cum
1692 1718 1920 1756 condicione

327 1776 421 1812 anni
450 1776 529 1811 217.
581 1776 681 1811 Nam
713 1786 802 1811 cum
833 1775 1013 1821 Polybius
1036 1775 1083 1812 IV
1099 1775 1146 1811 55
1179 1775 1339 1811 Cnosios
1371 1785 1459 1811 cum
1491 1775 1570 1811 suis
1602 1775 1718 1811 sociis
1749 1776 1920 1822 Aetolos,

325 1833 602 1878 Polyrrhenios
628 1843 713 1868 cum
739 1832 817 1868 suis
843 1833 1060 1879 Philippum
1084 1843 1215 1878 regem
1240 1835 1278 1868 et
1300 1832 1477 1868 Achaeos
1501 1831 1541 1868 in
1565 1832 1667 1868 bello
1691 1833 1829 1869 sociali
1850 1833 1920 1879 mi-

323 1890 453 1926 litibus
483 1889 609 1926 missis
644 1889 835 1925 adiuvisse
865 1892 1006 1935 narret,
1031 1889 1096 1927 VII
1113 1889 1169 1933 14,
1186 1890 1209 1925 4
1239 1890 1285 1925 de
1315 1899 1413 1934 pace
1442 1889 1543 1935 regis
1574 1890 1803 1927 auctoritate
1827 1901 1921 1928 con-

325 1947 456 1983 ciliata.
479 1947 578 1983 haec
600 1947 736 1983 habet:
770 1948 787 1982 ὁ
815 1944 841 1982 δ’
859 1947 960 1986 αὐτὸς
984 1947 1085 1995 λόγος
1109 1949 1167 1982 καὶ
1197 1948 1274 1993 περὶ
1295 1953 1363 1983 τῶν
1388 1947 1476 1982 κατὰ
1501 1945 1662 1994 Κρήτην·
1691 1948 1753 1984 καὶ
1775 1948 1840 1996 γὰρ
1865 1944 1913 1984 ἐπ’

324 2004 462 2040 ἐκείνων
486 2002 613 2051 Ἀράτῳ
646 2005 708 2051 μὲν
732 2004 948 2052 καθηγεμόνι
969 2004 1189 2053 χρησάμενος
1212 2005 1292 2051 περὶ
1314 2010 1383 2040 τῶν
1409 2004 1498 2040 ὅλων
1525 2003 1732 2051 (Φίλιππος),
1755 2006 1821 2053 οὐχ
1846 2006 1917 2042 οἷον

323 2062 491 2110 ἀδικήσας
515 2059 588 2097 ἀλλ’
609 2062 689 2098 οὐδὲ
711 2062 867 2109 λυπήσας
892 2062 1014 2098 οὐδένα
1036 2067 1105 2098 τῶν
1129 2062 1219 2098 κατὰ
1241 2063 1304 2108 τὴν
1322 2067 1438 2110 νῆσον,
1463 2061 1616 2101 ἅπαντας
1641 2063 1704 2109 μὲν
1729 2063 1803 2111 εἶχε
1819 2061 1918 2111 Κρη-

321 2122 431 2159 ταιεῖς
458 2119 689 2167 ὑποχειρίους,
721 2118 873 2158 ἅπαντας
904 2119 942 2155 δὲ
970 2119 1050 2159 τοὺς
1064 2114 1243 2166 Ἕλληνας
1273 2120 1322 2159 εἰς
1350 2120 1414 2166 τὴν
1439 2119 1524 2165 πρὸς
1548 2119 1648 2155 αὑτὸν
1674 2119 1807 2155 εὔνοιαν
1833 2121 1918 2167 ἐπή-

320 2189 399 2224 γετο
425 2177 482 2212 διὰ
503 2177 566 2223 τὴν
592 2176 783 2222 σεμνότητα
806 2181 868 2222 τῆς
892 2177 1131 2225 προαιρέσεως.
1166 2176 1210 2211 Η.
1304 2178 1329 2212 7
1354 2175 1396 2212 Si
1420 2186 1496 2222 qua
1519 2175 1560 2212 in
1584 2175 1738 2212 civitate
1764 2176 1917 2214 Cretica

321 2233 571 2270 constitutum
600 2235 669 2278 est,
701 2235 742 2269 ut
771 2233 956 2278 praedam
987 2233 1034 2270 de
1057 2233 1357 2269 Atheniensibus
1382 2235 1537 2278 captam
1561 2233 1601 2269 in
1625 2235 1779 2279 portum
1803 2234 1918 2271 deve-

320 2290 413 2327 here
436 2290 564 2336 ibique
589 2290 825 2326 venumdare
849 2290 974 2327 liceat.
1016 2290 1071 2326 Cf.
1089 2290 1220 2336 Polyb.
1236 2290 1285 2328 IV
1302 2291 1358 2336 26,
1376 2291 1413 2326 7:
1445 2291 1478 2326 οἱ
1501 2288 1526 2325 δ’
1546 2288 1674 2340 Ἀχαιοὶ
1697 2292 1917 2332 συνελθόντες

321 2349 370 2388 εἰς
402 2349 466 2396 τὴν
490 2349 713 2395 καθήκουσαν
745 2348 886 2384 σύνοδον
910 2349 949 2384 τό
980 2361 1017 2383 τε
1051 2348 1162 2396 δόγμα
1193 2349 1318 2387 πάντες
1351 2347 1573 2395 ἐπεκύρωσαν
1603 2348 1663 2384 καὶ
1691 2349 1730 2384 τὸ
1761 2348 1915 2396 λάφυρον

321 2406 534 2453 ἐπεκήρυξαν
550 2406 639 2441 κατὰ
661 2411 729 2441 τῶν
747 2405 927 2442 Αἰτωλῶν.
964 2405 1012 2442 IV
1027 2405 1083 2451 36,
1097 2405 1136 2441 6:
1160 2406 1282 2441 τούτου
1307 2406 1345 2441 δὲ
1365 2409 1472 2441 ταῦτα
1494 2405 1684 2453 πράξαντος
1705 2406 1916 2453 ἐπεκήρυξαν

318 2464 358 2498 τὸ
382 2463 535 2511 λάφυρον
561 2464 595 2499 οἱ
612 2462 877 2509 Λακεδαιμόνιοι
897 2463 987 2499 κατὰ
1009 2469 1077 2498 τῶν
1094 2461 1248 2512 Ἀχαιῶν.
1343 2464 1370 2498 8
1394 2462 1490 2499 Bull.
1502 2462 1596 2499 Hell.
1608 2462 1691 2498 XIII
1706 2461 1808 2508 1889,
1825 2463 1915 2507 '21‚5

322 2522 367 2567 ἐμ
384 2520 558 2569 Πολύρηνι
578 2522 647 2566 est,
669 2520 837 2566 itemque
855 2519 1078 2566 Stephanus
1094 2519 1303 2566 Byzantius
1322 2522 1389 2555 aut
1405 2520 1462 2555 sic
1479 2519 1568 2564 (AR)
1586 2521 1652 2555 aut
1666 2519 1846 2566 Πολύρρην
1861 2519 1913 2564 (V)

319 2576 519 2621 scripsisse
533 2578 691 2622 videtur,
706 2588 791 2613 cum
809 2577 998 2614 editiones
1009 2577 1207 2623 volgarem
1223 2577 1387 2613 sormam
1400 2576 1619 2623 Πολυρρηνία
1634 2574 1848 2611 exhibeant.
1868 2576 1911 2613 H.

320 2632 432 2669 Cives
451 2633 678 2681 Πολυρρήνιοι
702 2636 793 2670 sunt
809 2645 845 2670 n.
859 2634 960 2677 6274.
1053 2637 1080 2671 9
1106 2633 1159 2670 Cf.
1178 2633 1315 2669 Strabo
1333 2632 1377 2677 X,
1390 2632 1434 2667 11
1451 2642 1487 2677 p.
1499 2631 1583 2667 478:
1610 2632 1698 2678 μετὰ
1722 2630 1760 2667 δὲ
1783 2633 1911 2680 ταύτην

320 2693 383 2733 (sc.
408 2691 470 2736 τὴν
496 2688 673 2733 Κνωσσόν)
705 2691 919 2737 δευτερεῦσαι
950 2692 1046 2728 δοκεῖ
1076 2692 1164 2727 κατὰ
1187 2692 1250 2738 τὴν
1276 2690 1419 2736 δύναμιν
1443 2689 1468 2735 ἡ
1491 2695 1560 2724 τῶν
1585 2687 1774 2735 Γορτυνίων
1799 2690 1911 2736 πόλις,

318 2747 596 2794 συμπράττουσαί
630 2761 667 2782 τε
701 2749 765 2796 γὰρ
802 2749 969 2794 ἀλλήλαις
1003 2748 1153 2788 ἅπαντας
1190 2747 1364 2794 ὑπηκόους
1399 2746 1496 2795 εἶχον
1533 2746 1633 2782 αὗται
1665 2746 1746 2786 τοὺς
1781 2747 1909 2787 ἄλλους

318 2804 540 2840 στασιάσασαί
567 2818 604 2840 τε
635 2805 813 2851 διέστησαν
843 2806 886 2840 τὰ
915 2806 1004 2841 κατὰ
1033 2807 1095 2852 τὴν
1120 2809 1239 2851 νῆσον·
1271 2804 1455 2851 προσθήκη
1486 2801 1511 2838 δ’
1536 2803 1579 2850 ἦν
1609 2803 1633 2849 ἡ
1659 2801 1822 2840 Κυδωνία
1847 2817 1908 2850 με·

316 2862 415 2911 γίστη
448 2861 623 2909 ὁποτέροις
653 2861 881 2910 προσγένοιτο.
929 2861 985 2896 Ex
1015 2862 1090 2900 hac
1117 2861 1245 2909 oppidi
1268 2859 1494 2898 condicione
1517 2858 1758 2906 intellegitur,
1787 2859 1908 2896 homi-

315 2977 343 3019 2
