2040 3216
349 183 429 220 600.
902 182 1037 218 Milites
1061 181 1382 218 Mantiniensium.
1779 183 1888 230 19312
1905 194 1940 220 a.

350 322 514 381 δὲΙτῶν
544 325 676 370 πεζῶν
707 322 865 379 Δαμέα,
895 325 974 365 τῶν
1006 321 1051 364 δὲ
1085 322 1231 364 ἱππέων
1263 321 1399 378 Σιμία,
1432 322 1469 364 οἱ
1502 321 1842 379 στρατευσάμενοι
1870 323 1941 366 καὶ

352 394 642 448 εἰσενένκᾳντες
672 393 729 439 εἰς
758 391 802 434 τὸ
835 389 1027 447 ἀνάθεμα
1056 391 1168 439 θεοῖς
1197 393 1315 433 πᾶσι·

250 460 266 502 l
306 468 329 504 5
352 463 547 521 [Δ]αμέας
588 461 816 516 Δεξικλέος,
839 459 847 518 Ι
869 459 1053 517 Ἀρίστων
1094 459 1308 516 Σώτωνος,
1327 458 1332 517 Ι
1350 454 1556 517 Ευβουλος
1595 459 1786 518 Διφίλου,
1805 460 1810 518 Ι
1828 459 1943 516 [Ἀ]λ-

351 534 531 581 καίνετος
565 530 774 588 Εὐβούλου
793 528 798 588 Ι
816 565 861 571 --

231 598 266 641 ΙΙ
282 607 329 642 10
350 602 592 661 Ἀριστείδας
617 596 894 656 Ἡρακλείτου,
915 597 920 655 Ι
940 596 1091 654 Δάμων
1114 596 1321 654 Δάμωνος,
1340 596 1348 655 Ι
1367 596 1561 656 Αἰσχίνας
1583 572 1868 656 Μναὶστράτου
1880 598 1939 657 3,Ι

351 672 503 730 Γόργος
529 668 695 727 Ἑρμογ[
682 667 851 724 [ένεοςῬ,
872 666 1161 724 ΙἈρίΙστοκλῆς
1190 666 1308 724 --Ι--

213 736 266 778 III
287 745 331 781 15
353 739 503 798 Χάρης
532 738 808 792 Ἀπολλωνίου,
826 736 831 794 Ι
850 735 1077 792 Εὐνομίδας
1109 734 1342 794 Δείνωνος,Ι
1360 735 1524 794 Δόρκων
1555 734 1817 793 Στυμφάλου,
1836 734 1842 794 Ι
1861 735 1944 780 Λα-

352 811 471 867 γένης
503 807 748 864 Φιλαρχίδα,
769 805 775 863 Ι
793 803 982 862 ΕὔάνΙωρ
1013 804 1201 860 Ἀ]λεξι..-
1219 804 1223 862 Ι
1242 840 1286 846 --

239 874 263 915 b
283 883 330 919 20
355 878 533 925 ἱππεῖς·
550 876 555 934 Ι
572 876 715 932 Σιμίας
735 873 1084 931 Καλλικράτεος4,
1100 872 1108 932 Ι
1125 873 1325 931 Ἀριστέας
1347 872 1625 931 Μενεδάμου,Ι
1646 873 1847 932 Φίλλυρος
1868 874 1944 918 Ξε-

352 947 435 1003 νία,
451 946 457 1004 Ι
476 946 673 992 Λυκίσκος
709 944 988 999 Λυκομήδεος,
1007 941 1013 999 Ι
1031 941 1274 1001 Ἀρχέδαμος
1311 941 1558 1000 Παμφάεος,
1575 942 1581 1000 Ι
1601 942 1816 1000 Δαμοκλῆς
1844 941 1946 1001 Ἀρι-

284 1021 330 1056 25
355 1012 596 1072 στομάχου,Ι
614 1012 928 1070 ΣαΙραπό]φιλος
951 1010 1120 1066 Ο[ἰ]νέος
1139 1010 1144 1068 Ι
1161 1046 1206 1053 --

353 1107 526 1144 omnium
551 1103 804 1140 certissimum
829 1104 898 1147 est,
922 1102 977 1138 ita
1000 1102 1107 1138 locus
1133 1101 1200 1137 ubi
1223 1103 1372 1137 erutum
1406 1103 1463 1137 est
1495 1104 1786 1138 monumentum
1811 1102 1944 1138 editori

352 1176 401 1201 ne
426 1163 661 1199 levissimum
687 1160 837 1207 quidem
862 1159 1080 1204 scrupulum
1103 1159 1301 1203 movisset,
1333 1158 1408 1195 nisi
1439 1159 1486 1195 de
1518 1162 1661 1196 natura
1693 1159 1944 1196 dedicationis

353 1222 392 1257 in
418 1231 544 1257 errore
568 1219 775 1256 manifesto
792 1219 968 1253 versatus
985 1219 1098 1253 esset.
1131 1217 1228 1253 Non
1255 1228 1279 1253 a
1302 1218 1399 1253 toto
1426 1216 1632 1253 exercitu
1656 1217 1944 1254 Achaeorum

353 1280 440 1314 hoc
465 1288 577 1323 opus
604 1277 928 1312 consecratum
954 1277 1041 1319 est,
1066 1274 1146 1310 sed
1171 1286 1194 1310 a
1213 1273 1596 1311 Mantiniensium
1613 1274 1846 1311 militibus
1870 1275 1945 1321 qui

355 1335 396 1372 ei
420 1335 541 1370 bello
575 1333 898 1369 interfuerunt.
947 1332 1046 1368 Nam
1070 1332 1231 1377 primum
1258 1332 1410 1377 quidem
1433 1332 1553 1368 verba
1576 1343 1611 1368 v.
1629 1333 1652 1367 2
1683 1333 1716 1368 ot
1743 1333 1945 1380 στρατευσά-

356 1406 452 1439 μενοι
476 1392 521 1427 de
548 1391 727 1427 omnibus
753 1390 922 1425 omnium
948 1388 1124 1425 ordinum
1148 1388 1334 1424 militibus
1359 1388 1433 1424 dici
1449 1389 1726 1425 demonstrant.
1759 1389 1809 1425 At
1826 1400 1945 1436 quan-

355 1453 588 1495 tamcunque
612 1447 752 1494 lapidis
775 1449 926 1493 partem
950 1447 1053 1483 infra
1082 1446 1238 1492 periisse
1268 1449 1431 1492 statues,
1462 1457 1555 1482 num
1580 1447 1759 1483 credibile
1784 1449 1859 1493 est,
1888 1447 1945 1484 in-

354 1510 502 1553 tegrum
526 1506 771 1542 Achaeorum
797 1504 1005 1540 exercitum
1029 1504 1093 1540 hic
1117 1503 1344 1540 nominatim
1367 1503 1592 1549 inscriptum
1616 1504 1763 1544 fuisse?
1799 1503 1945 1541 Deinde

354 1565 630 1609 Philopoemen
655 1573 735 1598 non
759 1563 818 1597 est
846 1561 948 1597 inter
975 1560 1220 1606 dedicantes,
1250 1561 1320 1597 sed
1342 1560 1526 1606 temporis
1556 1560 1671 1596 modo
1704 1560 1946 1607 significandi

355 1632 476 1658 causa
501 1620 583 1657 eius
606 1630 751 1656 nomen
776 1618 988 1664 ascribitur,
1015 1618 1116 1664 quod
1138 1621 1180 1654 ut
1203 1619 1243 1654 in
1268 1617 1536 1654 Mantiniensis
1560 1617 1720 1664 numeri,
1750 1617 1856 1654 cuius
1880 1618 1944 1654 ille

354 1691 435 1716 non
460 1679 541 1723 fuit,
565 1678 816 1714 monumento
842 1676 1110 1712 necessarium
1135 1678 1228 1721 erat,
1253 1675 1308 1711 ita
1330 1674 1370 1711 in
1387 1675 1501 1711 totius
1518 1675 1709 1712 exercitus
1727 1675 1943 1711 absurdum.

355 1737 471 1772 Porro
497 1734 733 1771 desideratur
756 1734 999 1779 hipparchus,
1025 1733 1192 1779 equitum
1215 1742 1307 1768 vero
1332 1732 1617 1777 praefecturam
1641 1732 1785 1768 habere
1810 1732 1946 1769 dicitur

355 1793 483 1838 homo,
510 1791 573 1838 qui
596 1802 720 1837 neque
746 1802 780 1827 a.
798 1791 865 1827 207
885 1791 935 1826 ad
949 1789 1186 1826 Mantineam
1203 1800 1329 1836 neque
1354 1790 1422 1826 192
1446 1790 1486 1825 in
1502 1788 1695 1826 Laconica
1710 1790 1782 1826 toti
1796 1789 1944 1826 Achae-

356 1862 467 1886 orum
491 1850 680 1895 equitatui
703 1850 869 1894 praefuit
893 1851 982 1893 (not.
999 1849 1044 1892 4).
1092 1848 1223 1893 Neque
1249 1847 1354 1883 aliud
1378 1849 1568 1884 monstrat
1591 1847 1790 1883 ἀποτελείου
1815 1847 1944 1894 appel-

355 1907 449 1944 latio
475 1909 563 1951 (not.
580 1907 625 1950 2).
674 1907 843 1951 Denique
875 1917 942 1941 cur
974 1906 1068 1941 nulli
1099 1905 1316 1951 adiungitur
1346 1904 1514 1941 civitatis
1546 1915 1708 1951 nomen,
1739 1905 1846 1942 cuius
1873 1906 1943 1950 est,

355 1964 431 2000 nisi
455 1963 557 2009 quod
581 1974 715 1999 omnes
748 1964 917 2000 eiusdem
951 1965 1058 2007 sunt,
1083 1963 1422 1999 Mantiniensium?
1472 1962 1578 2008 Quae
1607 1973 1686 1998 una
1717 1963 1808 1999 huic
1831 1963 1945 1999 inter-

356 2021 563 2067 pretationi
586 2020 739 2056 obstare
755 2021 906 2056 videtur
924 2021 1160 2057 Cretensium
1179 2020 1335 2065 mentio,
1362 2030 1409 2056 ea
1420 2019 1662 2065 ,probabilem
1686 2019 1806 2056 habet
1829 2019 1945 2066 expli-

357 2078 549 2114 cationem
567 2080 657 2121 (not.
669 2078 714 2122 5).
747 2077 847 2113 Dttb.
941 2079 967 2112 2
994 2077 1065 2122 Qui
1081 2077 1319 2123 singularum
1337 2077 1535 2112 civitatum
1551 2077 1808 2113 Achaicarum
1825 2076 1944 2122 copiis

357 2137 574 2182 praeerant,
600 2145 667 2171 eos
692 2135 908 2174 ἀποτελείους
932 2137 1095 2170 vocatos
1113 2144 1197 2170 esse
1215 2136 1405 2169 testantur
1421 2134 1552 2179 Polyb.
1569 2133 1603 2169 X
1618 2134 1675 2179 23,
1691 2134 1724 2170 9.
1740 2134 1822 2171 XVI
1836 2134 1894 2180 36,
1909 2133 1942 2169 3.

358 2192 497 2229 Suidas
513 2193 724 2228 ἀποτέλειοι·
743 2194 775 2227 οἱ
791 2192 880 2227 κατὰ
896 2192 1014 2231 πόλεις
1030 2192 1196 2238 ἡγεμόνες
1212 2197 1279 2226 τῶν
1296 2189 1440 2239 Ἀχαιῶν
1463 2190 1584 2234 (codd.
1597 2190 1789 2236 Ἰουδαίων;
1816 2201 1944 2227 emen-

358 2251 547 2287 daverunt
562 2249 823 2285 Hemsterhuis
849 2251 887 2284 et
903 2249 1018 2294 Toup.
1051 2248 1147 2284 Illud
1170 2247 1323 2293 irrepsit
1347 2249 1385 2283 et
1401 2247 1532 2293 glossa
1555 2247 1726 2293 proxime
1751 2247 1944 2293 superiore

1035 2306 1287 2321 xxxxx

359 2375 480 2401 causa
504 2375 572 2400 cur
594 2354 659 2400 hic*
675 2364 787 2400 aliter
802 2365 1093 2409 interpretemur
1110 2366 1199 2408 (not.
1217 2364 1261 2407 1).
1295 2362 1487 2399 Peditatui
1508 2362 1622 2408 igitur
1636 2362 1943 2400 Mantiniensium

358 2422 398 2458 in
422 2421 730 2467 Philopoemenis
761 2422 929 2458 exercitu
963 2433 997 2458 a.
1015 2421 1083 2457 192
1115 2420 1280 2467 praefuit
1309 2420 1477 2457 Dameas
1502 2419 1666 2456 Dexiclis
1693 2419 1729 2465 f.‚
1760 2418 1944 2466 equitatui
2019 2468 2021 2470 q

359 2480 497 2516 Simias
522 2480 734 2516 Callicratis
758 2479 783 2516 f.
825 2480 933 2526 Quod
959 2481 997 2516 F.
1015 2479 1131 2515 totius
1149 2478 1337 2514 exercitus
1354 2478 1565 2524 equitatum
1590 2479 1628 2513 et
1650 2477 1864 2523 peditatum
1886 2476 1943 2513 in·

359 2538 512 2583 tellegit,
536 2537 575 2572 id
590 2536 890 2573 luculentissime
905 2537 1099 2573 refutatur
1115 2536 1256 2572 Simiae
1273 2534 1428 2571 nomine
1446 2537 1536 2579 (not.
1552 2535 1596 2579 4).
1622 2534 1723 2570 Dttb.
1816 2536 1842 2570 3
1865 2533 1943 2570 Mo-

359 2605 439 2630 rem
464 2594 653 2640 intelligas
677 2595 923 2640 Laconicum,
948 2594 1042 2631 Μναί
1065 2604 1132 2639 pro
1158 2592 1272 2630 Μνασι
1296 2592 1555 2629 substitutum.
1579 2591 1636 2628 Hi.
1744 2594 1771 2627 4
1796 2590 1941 2626 Collato

359 2650 507 2695 Polybii
529 2652 615 2687 loco
640 2652 689 2687 XI
706 2652 761 2698 18,
778 2653 801 2687 2
824 2652 898 2687 hoc
922 2651 1077 2687 nomine
1103 2651 1248 2686 abusus
1274 2651 1333 2685 est
1355 2650 1393 2685 F.
1419 2651 1462 2684 ut
1485 2659 1598 2685 suam
1622 2648 1669 2684 de
1693 2649 1941 2684 monumento
1985 2659 1993 2665 ⁸
2030 2632 2032 2635 V

363 2707 411 2741 ad
428 2708 681 2744 Mantiniense
706 2709 891 2754 proelium
908 2709 1109 2745 referendo
1127 2707 1358 2744 sententiam
1381 2707 1560 2742 firmaret.
1609 2705 1686 2741 Sed
1708 2705 1870 2751 primum
1893 2714 1942 2741 ne

359 2763 442 2806 ipse
467 2764 619 2808 quidem
643 2767 826 2811 neglexit,
851 2766 918 2802 illa
948 2766 1148 2802 ἁποτελεὶου
1174 2767 1211 2800 δὲ
1241 2775 1319 2800 non
1344 2774 1456 2808 posse
1483 2763 1533 2798 ad
1557 2762 1660 2799 aliud
1684 2765 1835 2807 tempus
1859 2770 1941 2807 spe-

361 2822 466 2855 ctare
491 2831 606 2865 quam
633 2822 681 2857 ad
697 2823 1006 2869 Philopoemenis
1030 2825 1207 2869 quartam
1231 2823 1452 2867 praeturam
1476 2823 1523 2864 (a.
1535 2820 1632 2864 192);
1657 2819 1786 2866 itaque
1810 2829 1941 2855 neces-
2013 2828 2019 2836 ⁴

361 2876 462 2912 sario
488 2878 650 2913 eundem
684 2880 746 2924 qui
777 2882 922 2926 equites
955 2892 987 2917 a.
1006 2881 1073 2916 207
1105 2879 1292 2926 duxisset,
1326 2879 1442 2915 etiam
1473 2878 1688 2924 quindecim
1722 2877 1833 2913 annis
1855 2875 1942 2922 post
2017 2866 2020 2869 v

364 2990 447 3034 132
