2040 3216
408 210 493 255 798.
898 213 1025 259 Cotyis
1051 214 1286 260 Sapaeorum
1309 214 1410 260 regis
1431 215 1508 251 filii.
1869 217 1945 254 ›‘37
1966 229 2002 264 p.

367 358 391 393 5
413 349 482 393 ἵνα
512 351 635 393 αὐτοῦ
665 351 709 394 τὸ
743 354 952 409 μεγαλεῖον
983 359 1054 410 τῆς
1086 354 1314 403 ἀθανασίας
1344 353 1412 397 καὶ
1443 358 1484 398 ἐν
1513 355 1660 399 τούτωι
1679 355 1927 416 σεμνότεΙρον
1957 357 1999 414 ᾖ,

418 421 615 478 βασιλέων
646 420 720 463 κᾶν
750 420 857 464 πάνυ
878 424 1087 465 ἐπινοῶσιν
1119 424 1176 471 εἰς
1197 424 1457 481 εὐχαριστίαν
1485 426 1722 481 τηλικούτου
1743 426 1841 469 θεοῦ
1871 426 2001 483 εὑρεῖν

413 488 505 537 ἴσας
537 487 710 547 ἀμοιβὰς
740 490 800 538 οἷς
830 492 1118 548 εὐηργέτηνται
1149 492 1202 549 μὴ
1227 491 1482 550 ὃυΙναμένων,
1513 493 1605 542 τοὺς
1626 492 1814 543 ΚότυοςΊ
1845 494 1890 538 δὲ
1909 496 2006 538 παῖ-

416 560 488 607 ὃας
513 554 810 615 Ῥοιμητάλκην
851 560 920 603 καὶ
953 560 1180 617 Πολέμωνα
1219 562 1288 605 καὶ
1321 561 1485 605 Κότυν8
1517 565 1760 621 συντρόφους
1795 563 1866 607 καὶ
1895 564 2004 607 ἑταί-

417 644 507 684 ρους
538 629 689 672 ἑαυτῶι
718 628 942 687 γεγοΙνότας
980 632 1037 678 εἰς
1076 629 1149 679 τὰς
1180 632 1226 674 ἐκ
1254 633 1503 689 πα[τέρ]ων9
1532 632 1602 675 καὶ
1631 637 1836 690 προγόνων
1867 633 2003 681 αὐτοῖς

416 698 682 754 ὀφειλομένας
713 699 1041 742 ἀποκαθέστακεν
1076 701 1301 757 βασιλείας·
1333 702 1371 743 οἱ
1401 701 1477 757 [δὲ]
1491 702 1540 736 10
1569 705 1641 758 τῆς
1672 700 2005 760 ἀθανάτουῖχά-

418 782 522 823 ριτος
551 766 622 823 τὴν
655 768 854 824 ἀφθονίαν
886 769 1159 825 καρπούμενοι
1197 770 1340 826 ταύτηι
1375 774 1453 812 τῶν
1483 769 1614 814 πάλαι
1645 772 1835 827 μείζονες,
1873 773 1938 814 ὅτι
1965 772 2004 814 οἱ

417 834 486 890 μὲν
506 833 620 892 παρὰ
652 837 835 893 πατέρων
867 839 1065 895 διαδοχῆς
1094 837 1227 896 ἔσχον,
1261 836 1449 896 οὖτοιΙδ’
1478 839 1610 895 ἐ(κ)11
1643 844 1715 895 τῆς
1745 839 1869 883 Γαΐου
1899 838 2005 882 Καί-

415 921 536 961 σαρος
555 903 721 962 χάριτος
742 907 800 954 εἰς
822 907 1039 964 συναρχίαν
1061 908 1304 963 τηλικούτων
1326 909 1432 950 θεῶν
1460 910 1651 965 γεγόνασι
1673 909 1864 966 βασιλεῖς,
1895 910 2002 951 θεῶν

346 978 392 1014 10
417 973 460 1016 δὲ
489 972 653 1031 χάριτες
691 975 818 1032 τούτῳ
859 974 1132 1034 διαφέρουΙσιν
1173 977 1435 1034 ἀνθρωπίνων
1476 978 1694 1035 διαδοχῶν,
1737 976 1772 1035 ᾧ
1807 980 1835 1034 ἢ
1865 977 2004 1026 νυκτὸς

413 1045 528 1100 ἥλιος
567 1043 636 1086 καὶ
649 1045 698 1078 12
728 1043 771 1087 τὸ
816 1044 1026 1102 ἄφθαρτον
1066 1047 1217 1103 θνητῆς
1256 1047 1428 1104 φύσεως.
1473 1045 1660 1103 μεγάλων
1699 1046 1768 1090 οὖν
1797 1048 2004 1104 γεγονότες

416 1112 594 1168 μείζονες
613 1112 618 1171 Ι
636 1112 705 1155 καὶ
735 1115 927 1171 λαμπρῶν
959 1116 1287 1172 θαυμασιώτεροι
1306 1117 1362 1163 εἰς
1383 1116 1454 1173 τὴν
1474 1116 1675 1173 ἡμετέραν
1694 1116 2006 1173 παραγείνονται

414 1184 529 1225 πόλιν
552 1181 853 1240 Ῥοιμητάλκης
891 1182 960 1226 καὶ
1003 1184 1197 1241 Πολέμων
1238 1183 1646 1243 συνιερουργὴσονῖτες
1686 1184 1756 1228 καὶ
1792 1183 2005 1242 συνεορτά-

415 1310 537 1343 terum
562 1309 636 1344 hoc
661 1309 903 1345 enuntiatum
930 1309 1182 1355 demonstrat,
1206 1310 1277 1346 sub
1301 1310 1387 1356 ipsa
1411 1309 1519 1346 mitia
1540 1309 1608 1346 illa
1632 1321 1680 1346 ac
1696 1309 1843 1346 blanda
1856 1309 2007 1355 imperii

414 1365 505 1401 novi
533 1366 642 1402 initia
675 1371 722 1410 (a.
740 1367 795 1410 37)
828 1367 931 1403 hunc
960 1366 1110 1403 titulum
1141 1367 1302 1403 incisum
1335 1378 1431 1404 esse.
1481 1368 1578 1403 Nam
1603 1367 1711 1403 brevi
1741 1368 1831 1412 post
1853 1369 2004 1403 mutata

413 1423 613 1459 voluntate
632 1424 668 1460 C.
689 1425 833 1461 Caesar
855 1435 966 1470 reges
991 1436 1088 1471 quos
1105 1425 1320 1461 instituerat
1336 1425 1463 1470 regnis
1480 1425 1634 1470 expulit.
1666 1425 1798 1470 Neque
1813 1423 2004 1460 Drusillae

415 1481 533 1517 divini
556 1482 725 1518 honores
750 1482 841 1518 huic
868 1482 1009 1519 aetatis
1035 1482 1245 1518 definitioni
1271 1483 1429 1518 obstant
1453 1482 1511 1527 (cf.
1528 1485 1606 1519 not.
1623 1482 1691 1526 13).
1831 1482 1856 1517 '7
1888 1481 2004 1527 Cotys

414 1550 482 1574 rex
500 1539 737 1584 Sapaeorum
755 1540 943 1576 Thracum
968 1542 1055 1586 post
1081 1539 1200 1585 patris
1217 1540 1515 1576 Rhoemetalcae
1533 1542 1696 1576 mortem
1713 1542 1861 1584 partem
1885 1540 2002 1575 modo

414 1597 564 1641 paterni
588 1598 696 1642 regni
721 1597 769 1632 ab
794 1598 963 1643 Augusto
989 1597 1148 1644 accepit,
1174 1608 1261 1633 cum
1288 1599 1410 1633 altera
1426 1596 1702 1642 Rhescuporidi
1718 1595 2002 1633 Rhoemetalcis

407 1654 522 1690 *fratri
553 1656 835 1691 concederetur.
884 1655 932 1690 At
964 1656 1072 1691 initio
1103 1655 1341 1701 principatus
1365 1654 1503 1691 Tiberii
1528 1655 1645 1700 Cotys
1679 1665 1703 1690 a
1733 1656 1870 1700 patruo
1899 1653 2001 1689 bello

414 1712 628 1756 lacessitus,
654 1715 789 1757 postea
812 1723 880 1757 per
904 1713 1070 1758 speciem
1105 1713 1283 1758 colloquii
1313 1714 1448 1758 captus
1479 1714 1518 1747 et
1541 1713 1581 1747 in
1604 1711 1760 1746 vincula
1793 1712 2001 1756 coniectus,

416 1769 589 1815 denique,
615 1781 703 1806 cum
729 1771 906 1815 princeps
930 1773 972 1805 ut
989 1770 1060 1805 sibi
1077 1770 1290 1806 traderetur
1313 1769 1493 1814 petiisset,
1519 1770 1681 1804 necatus
1705 1770 1776 1804 est.
1809 1768 1885 1803 Sed
1900 1768 2002 1804 Rhe-

416 1827 619 1872 scuporide
649 1839 717 1872 per
740 1828 991 1872 Pomponium
1026 1828 1206 1863 Flaccum
1239 1827 1406 1871 legatum
1437 1827 1602 1861 Romam
1634 1825 1800 1862 adducto
1829 1825 2001 1861 Tiberius

417 1885 594 1928 decrevit,
619 1887 662 1920 ut
686 1885 718 1920 is
743 1885 894 1930 quidem
912 1884 1181 1920 Alexandreae
1204 1883 1243 1919 in
1269 1884 1445 1919 custodia
1462 1886 1666 1927 teneretur,
1690 1882 1852 1919 Thracia
1874 1885 2002 1918 autem

414 1942 512 1977 inter
536 1943 619 1977 eius
645 1943 763 1977 filium
787 1941 1087 1977 Rhoemetalcen
1121 1944 1159 1977 et
1184 1941 1314 1986 Cotyis
1347 1941 1487 1977 liberos
1519 1940 1760 1976 divideretur.
1808 1940 1880 1986 Qui
1912 1951 2001 1976 cum

415 1999 587 2034 nondum
614 1999 747 2034 adulta
772 2001 902 2035 aetate
927 2001 1068 2043 essent,
1093 1998 1352 2034 Trebellienus
1371 1998 1491 2034 Rufus
1514 1997 1655 2033 missus
1679 2001 1736 2033 est
1761 1998 1824 2044 qui
1848 1996 2001 2033 interim

415 2067 546 2091 eorum
578 2067 736 2102 regnum
770 2056 1052 2092 administraret
1085 2062 1129 2098 (a.
1149 2056 1194 2092 18
1218 2067 1252 2101 p.
1266 2056 1353 2093 Chr.
1375 2056 1423 2091 cf.
1447 2056 1535 2091 Tac.
1552 2055 1652 2092 Ann.
1667 2055 1700 2091 11
1723 2055 1880 2101 648qq.).
1927 2054 2002 2100 Ipsi

414 2113 523 2149 liberi
553 2113 731 2149 videntur
760 2115 907 2150 Romae
939 2115 1145 2159 mansisse,
1177 2125 1295 2159 quare
1323 2113 1386 2149 hic
1418 2114 1488 2150 Gai
1519 2113 1697 2149 Caesaris
1735 2115 1915 2160 σύντροφοι
1943 2114 2003 2148 καὶ

416 2171 543 2218 ἑταῖροι
569 2171 741 2217 audiunt,
767 2183 892 2218 neque
917 2173 1020 2217 prius
1043 2171 1083 2207 in
1100 2183 1262 2217 regnum
1279 2171 1441 2207 restituti
1465 2182 1561 2216 esse,
1586 2182 1703 2217 quam
1724 2170 1789 2206 ille
1813 2169 2002 2215 principa-

414 2232 496 2264 tum
522 2229 723 2265 obtineret.
833 2232 859 2265 8
883 2230 1014 2265 Plures
1039 2229 1155 2264 fuisse
1174 2229 1303 2274 Cotyis
1329 2229 1427 2264 filios
1451 2229 1528 2264 iam
1554 2239 1601 2264 ex
1624 2228 1755 2264 Tacito
1779 2227 1827 2263 1.1.
1844 2229 1884 2264 et
1898 2227 2002 2263 Stra-

414 2287 516 2322 bone
539 2287 605 2323 XII
620 2287 690 2322 556
706 2287 922 2323 constabat.
956 2287 1053 2332 Quin
1071 2298 1118 2322 ex
1136 2286 1274 2323 aetatis
1292 2287 1425 2322 ordine
1442 2286 1503 2321 hic
1519 2287 1796 2322 recenseantur
1812 2295 1858 2321 eo
1874 2284 2002 2320 minus

416 2344 569 2380 dubium
596 2348 664 2388 est,
691 2345 779 2390 quia
803 2345 835 2380 is
861 2345 926 2390 qui
949 2346 1070 2390 primo
1096 2346 1181 2380 loco
1206 2344 1428 2380 nominatur
1453 2343 1515 2379 avi
1541 2343 1692 2388 paterni
1723 2344 1813 2387 (not.
1829 2343 1875 2386 7),
1905 2341 2003 2378 alter
2038 2362 2040 2383 2

416 2403 478 2438 avi
500 2402 666 2438 materni
690 2404 778 2446 (not.
796 2403 862 2446 14),
888 2404 1022 2437 tertius
1046 2402 1164 2447 patris
1189 2412 1330 2437 nomen
1356 2401 1484 2446 gessit.
1532 2400 1724 2446 Regnavit
1746 2399 1860 2445 igitur
1875 2398 2001 2434 Rhoe-
2029 2428 2037 2451 ,Τ

414 2460 600 2495 metalces
626 2459 774 2504 (Strabo
807 2460 855 2494 l.l.
874 2460 1069 2495 δυναστεύει
1102 2461 1139 2494 δὲ
1170 2460 1187 2494 ὁ
1221 2459 1453 2505 πρεσβυτατος
1484 2459 1620 2501 αυτῶν).
1668 2456 1795 2502 Cotyis
1827 2455 1894 2491 filii
1920 2465 2002 2492 uua
2025 2455 2040 2516 2⁴³1]

415 2527 500 2552 cum
525 2520 648 2552 matre
664 2517 832 2552 Antonia
849 2517 1078 2562 Tryphaena
1102 2516 1218 2552 etiam
1243 2516 1283 2551 in
1302 2516 1413 2551 titulo
1432 2515 1618 2561 Cyziceno
1635 2514 1723 2550 Ath.
1739 2513 1833 2549 Mitt.
1851 2513 1882 2549 V
1899 2512 2034 2558 1880,{

413 2575 493 2616 389
510 2575 532 2610 6
550 2574 842 2610 commemorati
858 2578 978 2610 erant.
1009 2574 1109 2609 Dttb.
1149 2574 1320 2609 Stemma
1335 2583 1463 2618 regum
1481 2572 1668 2608 Thraciae
1683 2570 1810 2616 stirpis
1826 2569 2002 2615 Sapaeae
2022 2517 2040 2651 Ξῖ

416 2632 635 2667 emendavit
659 2632 805 2667 Dessau
830 2632 922 2676 Eph.
941 2632 1054 2676 epigr
1072 2630 1121 2666 IX
1137 2631 1171 2673 4
1189 2631 1266 2666 704.
1385 2632 1411 2666 9
1437 2630 1539 2666 Corr.
1555 2628 1657 2664 Dttb.
1673 2631 1864 2664 ΠΑΝΤΩΝ
1889 2626 2001 2672 lapis,
2023 2645 2040 2706 ἶ

416 2689 517 2733 quod
547 2699 594 2724 ex
627 2689 855 2733 compendio
888 2688 1099 2733 scripturae
1123 2691 1282 2724 ΠΑΤΩΝ
1313 2689 1446 2723 natum
1481 2697 1567 2722 esse
1598 2684 1790 2731 perspexit
1813 2683 2000 2728 Wilhe1m‚
2025 2687 2028 2688 ’

415 2746 454 2779 Ζ.
463 2747 592 2781 ὃεῒειτ.
605 2747 738 2791 Gymn.
749 2746 842 2782 XLV
855 2746 957 2788 1891,
971 2746 1039 2781 913
1054 2745 1216 2790 (Larfeld
1230 2744 1495 2786 Handb.³279).
1595 2745 1647 2778 10
1666 2746 1776 2778 ΟΙΑΣ
1793 2751 1887 2777 corr.
1897 2739 2000 2777 Dttb.
2027 2708 2040 2794 Ξ

468 2805 511 2836 11
539 2808 605 2839 ΔΕ.
645 2804 874 2839 Emendavit
892 2803 1050 2840 Curtius.
1148 2805 1197 2837 12
1222 2801 1480 2838 Particulae
1461 2815 1485 2848 η
1511 2803 1549 2835 et
1571 2801 1630 2836 καὶ
1653 2800 1752 2835 inter
1776 2809 1818 2835 se
1841 2808 2004 2843 respon·
2030 2795 2040 2842 ξ

418 2858 550 2894 dentes
576 2860 626 2895 ad
641 2871 787 2896 meram
804 2860 886 2896 eius
904 2861 966 2906 qui
982 2860 1220 2906 rogationem
1237 2858 1462 2904 conscripsit
1477 2855 1760 2903 neglegentiam
1775 2854 2019 2894 referendae
2018 2848 2040 2897 ί

417 2915 602 2951 videntur.
2030 2925 2032 2931 ·

418 3028 503 3071 486
