2040 3216
383 156 453 192 553
462 166 496 192 a.
519 155 600 192 554.
808 155 944 191 Aetoli.
990 156 1188 201 Magnetes
1213 155 1263 192 ad
1285 155 1546 192 Maeandrum.
1760 167 1792 192 c.
1811 156 1918 204 20916
1936 168 1971 193 a.

386 295 495 343 ἔδοξε
524 301 592 337 τᾶι
619 296 737 337 πόλει
765 297 843 338 τῶν
866 294 1035 352 Δελφῶν
1066 296 1107 338 ἐν
1140 295 1286 352 ἀγορᾶι
1315 295 1474 338 τελείωι
1504 294 1584 351 obp.
1610 293 1763 352 ψάφοις
1792 296 1879 343 ταῖς
1910 297 1973 338 ἐν·

385 363 561 421 νόμοις·Ι
579 363 718 419 ἐπειδὴ
743 364 922 412 Φιλλέας
944 362 1102 406 Μίκκου
1124 363 1161 406 Ν
1167 361 1422 412 αυπόικτιος2
1453 365 1494 407 ἐν
1526 364 1608 412 τοῖς
1628 363 1854 420 ἔμπροσθεν
1874 365 1974 422 χρόὰ·

343 437 358 447 ”
386 449 467 481 νοις
484 431 493 491 Ι
509 432 647 481 εὔνους
668 435 723 475 ὢν
745 433 914 476 διετέλει
933 436 1000 475 τᾶι
1019 434 1147 488 πόλει,
1178 431 1248 475 καὶ
1268 435 1335 475 νῦν
1356 431 1625 480 κατασταθεὶς
1647 431 1721 475 ὑπὸ
1742 436 1821 475 τῶν
1843 431 1974 475 Αἰτω-

386 505 467 545 λῶν
492 499 762 559 Ιέπιμελητὰς
791 505 861 544 τοῦ
891 518 934 544 τε
967 503 1075 559 ἱεροῦ
1104 500 1174 543 καὶ
1204 504 1275 549 τᾶς
1304 502 1457 557 πόλιος,
1489 502 1609 549 ὁσίως
1639 500 1709 544 καὶ
1732 503 1899 549 ἐνδόξως
1929 501 1974 544 τό

385 587 428 613 τε
461 570 565 627 ἱερὸν
596 569 665 613 καὶ
683 569 689 627 Ι
707 567 780 613 τάν
811 571 925 613 πόλιν
949 571 1161 627 διεφύλαξε
1182 571 1265 612 κτλ.
1316 574 1479 620 Reliqua
1502 576 1654 627 praeter
1668 584 1811 611 nomen
1834 574 1974 620 epime-

385 634 496 677 letae)
522 632 770 669 consentiunt
786 643 872 668 cum
888 633 961 668 titt.
978 633 1022 677 A,
1040 633 1083 678 B,
1109 632 1278 677 exceptis
1295 643 1330 668 v.
1343 633 1366 668 3
1391 632 1584 680 ἔμπροσθεν
1611 634 1648 668 et
1664 632 1709 668 13
1733 633 1776 679 ἐμ
1794 635 1873 678 (pro
1890 633 1972 677 -ἐν);

386 690 409 726 8
433 691 510 726 ποτί
533 704 570 726 τε
594 690 822 730 advocante&
847 694 925 735 (pro
951 691 1163 734 αὐσαυτούς).

478 797 504 829 2
528 793 633 829 Idem
658 793 921 829 hieromnemo
945 793 1165 829 Aetolorum
1191 803 1259 829 c.a.
1272 793 1391 839 20511,
1416 793 1566 836 n.5643.

476 898 581 942 554.
611 905 767 941 Aetoli
786 904 1076 948 Magnetibus
1096 903 1375 940 Maeandriis
1399 905 1474 940 ius
1501 904 1621 948 asyli
1642 905 1689 940 et
1708 904 1976 947 suffragium

387 962 823 1006 Amphictyonieum
835 956 1382 1012 tribuunt‚c.a.208l7(i‘).
1417 960 1567 996 Thermi
1584 960 1769 997 Aetoliae.
1794 960 1975 996 Ed.Sote-

387 1018 513 1054 riades
527 1018 629 1064 apud
641 1018 821 1054 Kernium
834 1019 859 1053 I.
870 1019 1040 1063 Magnes.
1052 1029 1089 1070 p.
1101 1018 1194 1063 XIV,
1202 1029 1238 1053 n.
1248 1017 1360 1054 LIVa
1370 1018 1490 1063 (Sym
1499 1018 1578 1062 923)
1590 1017 1801 1067 οἱἘφ.ἀρχ.
1810 1017 1976 1062 1905,83.

389 1075 441 1111 Cf.
459 1076 635 1111 Wilhelm
653 1075 773 1111 Wien.
792 1075 897 1112 Stud.
917 1075 1019 1120 1907,
1038 1076 1060 1111 3
1068 1088 1077 1120 ;
1099 1073 1179 1123 Ἔφ.
1199 1076 1278 1124 ἀρχ.
1301 1074 1405 1120 1914,
1427 1075 1474 1111 85
1482 1087 1491 1119 ;
1525 1075 1571 1111 de
1601 1077 1772 1121 tempore
1803 1075 1977 1111 Pomtow

388 1132 520 1178 Delph.
539 1132 675 1169 Chron.
693 1133 756 1169 RE
773 1132 821 1169 IV
837 1133 940 1168 2677.
1845 1132 1929 1176 [Pw]

390 1204 698 1259 στραταγέοντος
719 1202 846 1259 Ἀγελ
856 1201 882 1243 ά
893 1219 913 1244 ο
924 1219 945 1244 υ
968 1202 1005 1244 N
1011 1203 1231 1245 αυπακτίου
1252 1202 1296 1244 τὸ
1309 1202 1314 1259 Ι
1329 1203 1512 1260 δεύτερον
1526 1204 1560 1258 1,
1585 1203 1873 1260 ἱππαρχέοντος
1894 1201 1978 1244 Πο-

485 1313 502 1346 1
533 1310 625 1346 Cum
650 1310 752 1355 prior
775 1310 910 1356 Agelai
941 1313 1120 1355 praetura
1146 1321 1179 1346 a.
1197 1311 1304 1356 21716
1330 1322 1389 1355 ap.
1414 1311 1546 1356 Polyb.
1565 1311 1596 1347 V
1611 1310 1690 1355 107,
1706 1310 1797 1357 5sq.
1827 1310 1978 1346 exstare

387 1368 589 1412 videretur,
616 1368 778 1403 alteram
797 1378 900 1404 anno
917 1368 1025 1410 20716
1050 1367 1298 1403 attribueram
1315 1378 1388 1413 quo
1413 1368 1596 1413 plurimas
1613 1368 1791 1403 civitates
1805 1367 1865 1403 ius
1882 1365 1979 1412 asyli

389 1425 631 1471 Magnetibus
653 1425 887 1461 concessisse
907 1429 1034 1470 (supra
1050 1425 1149 1469 v.11)
1174 1425 1359 1471 ludosque
1375 1426 1676 1470 Leucophryena
1693 1424 1890 1469 accepisse
1906 1424 1978 1459 sci-

389 1493 487 1529 muS,
513 1484 560 1518 cf.
579 1482 649 1518 titt.
663 1482 826 1518 557-62
850 1484 889 1518 et
912 1482 937 1518 1.
954 1482 1080 1528 Magn.
1099 1482 1297 1527 n.16—87‚
1321 1483 1360 1518 in
1386 1482 1520 1528 quibus
1545 1493 1581 1518 n.
1599 1481 1645 1517 28
1669 1481 1901 1526 Aetolorum,
1924 1490 1977 1517 sc.

389 1539 494 1576 urbis
513 1540 719 1585 Calydonis
730 1541 770 1584 (5³)
797 1542 863 1576 est.
900 1540 1044 1576 Tamen
1070 1540 1116 1576 de
1140 1541 1214 1576 hoc
1237 1551 1342 1576 anno
1366 1551 1390 1576 a
1406 1540 1596 1586 plerisque
1612 1539 1773 1585 probato
1789 1549 1869 1575 non
1887 1548 1979 1574 con-

391 1599 480 1634 stat,
519 1597 721 1633 Neminem
747 1598 848 1633 enim
873 1597 978 1643 fugit,
1009 1598 1108 1633 inter
1131 1599 1204 1634 hoc
1231 1598 1436 1643 decretum,
1461 1597 1501 1634 in
1526 1608 1601 1643 quo
1625 1596 1893 1633 tantummodo
1917 1596 1979 1632 ius

391 1655 490 1701 asyli
521 1657 679 1700 rogatur
708 1657 746 1691 et
771 1654 995 1700 attribuitur,
1027 1658 1065 1691 et
1088 1655 1154 1690 illa
1179 1656 1314 1701 quibus
1338 1655 1486 1691 Dianae
1511 1654 1720 1700 epiphania
1744 1652 1978 1697 describitur,

391 1713 590 1748 oraculum
620 1712 844 1758 Delphicum
875 1713 1127 1758 praedicatur,
1159 1712 1342 1748 auxilium
1375 1724 1399 1748 a
1422 1712 1665 1758 Magnetibus
1694 1722 1727 1748 a.
1746 1711 1815 1747 279
1845 1712 1980 1747 contra

391 1769 519 1806 Gallos
542 1770 663 1805 latum
685 1771 875 1815 laudatur,
894 1770 1085 1806 sacrificia
1099 1771 1253 1816 ludique
1269 1770 1576 1816 Leucophryena
1592 1769 1839 1814 accipiuntur,
1857 1768 1981 1804 theori

391 1827 646 1871 appellantur,
670 1848 717 1853 -
741 1827 944 1863 discrimen
974 1827 1210 1863 intercedere
1237 1828 1463 1863 maximum:
1497 1827 1666 1863 omnium
1690 1826 1829 1862 harum
1852 1835 1979 1861 rerum

391 1894 439 1918 ne
470 1894 549 1918 uno
580 1884 733 1929 quidem
756 1885 874 1920 verbo
906 1895 1023 1930 supra
1053 1886 1095 1921 fit
1123 1886 1279 1921 mentio.
1328 1886 1531 1921 Manifesto
1554 1884 1669 1930 igitur
1693 1883 1888 1919 decretum
1911 1883 1981 1919 554

393 1942 484 1976 ante
515 1941 705 1977 sacrificia
733 1941 919 1987 ludosque
944 1944 1127 1987 acceptos
1151 1942 1294 1978 factum
1321 1945 1378 1978 est
1402 1943 1633 1988 propiusque
1658 1941 1810 1978 accedit
1834 1939 1884 1976 ad
1908 1939 1979 1975 titt.

392 1997 536 2033 similes
563 1997 608 2033 de
627 1997 787 2033 Ceorum
813 2001 852 2034 et
869 2000 1183 2044 Mytilenaeorum
1211 1999 1334 2044 asylia
1358 2009 1425 2035 c.a,
1440 1999 1548 2046 22310
1565 1999 1613 2035 ab
1630 1998 1774 2035 Aetolis
1790 2007 1980 2034 concessa

393 2065 429 2090 n.
447 2055 516 2090 522
523 2067 531 2099 ;
556 2055 605 2091 IG
620 2055 685 2090 XII
697 2056 729 2100 5,
744 2055 830 2100 526;
855 2055 903 2091 ib.
918 2056 983 2092 XII
999 2056 1090 2101 2,15
1107 2059 1144 2092 et
1161 2056 1221 2100 16;
1248 2056 1296 2093 cf.
1309 2056 1390 2091 Klio
1405 2056 1470 2092 XV
1483 2056 1538 2091 12.
1577 2055 1687 2101 Quod
1708 2054 1980 2100 comprobatur

391 2111 518 2148 verbis
551 2114 689 2157 (supra)
713 2123 748 2147 v.
766 2113 810 2147 12
824 2123 923 2158 Sqq.:
956 2114 1016 2148 καὶ
1050 2114 1174 2160 μηθενὶ
1205 2114 1358 2154 ἐξουσίαν
1392 2114 1487 2159 εἶμεν
1514 2139 1521 2147 .
1537 2139 1544 2148 .
1570 2114 1663 2160 ἄγειν
1690 2113 1826 2160 μηθένα
1849 2138 1881 2148 ..
1906 2111 1980 2147 κτλ.

391 2180 513 2214 usque
540 2170 590 2205 ad
613 2180 646 2205 v.
665 2170 712 2205 20
733 2171 872 2216 κυρίους
896 2171 1003 2217 εἶμεν,
1030 2181 1127 2216 quae
1152 2171 1233 2206 fere
1258 2181 1411 2216 prorsus
1436 2169 1572 2206 eadem
1596 2171 1636 2205 in
1662 2170 1732 2206 titt.
1757 2169 1830 2204 iuis
1853 2167 1918 2204 Cei
1941 2170 1981 2203 et

392 2226 598 2271 Mytilenae
628 2230 827 2263 recurrunt
858 2227 915 2271 (cf.
942 2227 1059 2263 etiam
1090 2238 1126 2263 n.
1144 2228 1256 2273 4432),
1288 2227 1337 2263 ab
1366 2227 1544 2263 omnibus
1568 2237 1659 2263 vero
1683 2225 1901 2273 Magnesiae
1923 2225 1981 2261 in-

393 2283 484 2319 cisis
508 2284 635 2319 aliena
651 2286 749 2320 sunt.
784 2285 930 2330 Quibus
947 2295 1034 2321 cum
1052 2285 1214 2321 accedat
1238 2285 1340 2330 quod
1357 2295 1546 2331 nusquam
1562 2283 1697 2330 Agelai
1720 2285 1900 2329 praetura
1915 2282 1982 2317 illa

394 2342 488 2377 anni
508 2341 617 2389 21716
647 2345 690 2378 ut
721 2343 844 2387 prima
868 2345 1035 2388 notatur,
1066 2353 1190 2388 neque
1214 2343 1436 2388 Magnetum
1466 2342 1583 2388 legati
1605 2341 1919 2387 Mnasiptolemus
1942 2341 1982 2374 et

392 2399 623 2444 Hipponicus
650 2399 740 2436 alibi
763 2393 1004 2445 reperiuntur
1027 2403 1072 2444 (v.
1094 2403 1173 2436 not.
1187 2401 1232 2445 4),
1262 2400 1491 2437 sumendum
1506 2400 1711 2444 videretur,
1737 2398 1888 2434 titulum
1911 2395 1981 2432 554

394 2455 649 2502 antiquiorem
673 2467 759 2494 esse
784 2460 823 2493 et
847 2469 915 2494 seu
940 2458 1052 2494 annis
1068 2458 1230 2494 215-13
1254 2458 1407 2494 attribui
1431 2458 1580 2503 debere,
1605 2468 1674 2494 seu
1697 2456 1748 2492 ad
1761 2456 1887 2501 ipsum
1912 2464 1981 2490 an-

394 2525 485 2550 num
508 2515 616 2560 21716
638 2515 840 2560 pertinere,
867 2526 940 2561 quo
963 2516 1131 2562 Agelaus
1154 2516 1291 2552 iterum
1320 2519 1475 2561 praetor
1501 2515 1625 2559 fuerit,
1650 2524 1719 2550 seu
1747 2512 1797 2548 ad
1825 2521 1860 2547 a.
1873 2510 1979 2557 22211

394 2581 480 2606 esse
504 2572 748 2618 reiciendum,
773 2573 834 2621 cui
859 2573 982 2609 altera
1005 2576 1188 2618 praetura
1211 2573 1422 2618 obveniret,
1447 2583 1533 2608 cum
1558 2571 1672 2607 tertia
1696 2580 1730 2605 a.
1747 2569 1814 2605 217
1839 2568 1982 2604 adscri-

394 2626 524 2663 benda
548 2629 610 2674 sit,
635 2629 821 2675 Agelaum
847 2631 948 2666 enim
974 2641 1008 2667 a.
1025 2631 1132 2677 21817
1157 2633 1285 2666 aetate
1308 2629 1544 2675 provectiore
1567 2628 1684 2663 fuisse
1709 2629 1748 2662 et
1770 2626 1892 2662 oratio
1914 2625 1982 2661 illa

397 2683 610 2719 clarissima
635 2688 860 2730 comprobat
878 2688 1019 2733 (Polyb.
1034 2688 1063 2724 V
1078 2687 1156 2732 104)
1181 2697 1333 2723 necnon
1357 2688 1487 2732 partes
1512 2695 1607 2731 quas
1625 2684 1706 2720 eius
1725 2695 1759 2720 a.
1772 2684 1840 2719 221
1858 2685 1896 2719 et
1912 2682 1981 2718 219

397 2739 514 2775 fuisse
532 2741 610 2776 Pol.
624 2742 671 2778 IV
686 2743 816 2787 16,10;
844 2744 874 2780 V
890 2744 957 2789 3,1
983 2745 1099 2781 tradit
1123 2747 1161 2780 et
1184 2754 1304 2790 nepos
1329 2742 1577 2788 cognominis,
1600 2743 1755 2787 praetor
1770 2740 1933 2786 Agelaus
1948 2739 1981 2775 Π

398 2807 432 2832 a.
450 2797 590 2843 170169,
625 2799 865 2835 confirmant.
913 2801 1057 2846 Quibus
1081 2812 1171 2838 vero
1202 2801 1327 2837 causis
1358 2810 1444 2835 cum
1476 2809 1523 2834 ea
1552 2809 1612 2834 res
1635 2798 1884 2834 vehementer
1911 2797 1980 2832 im-

396 2854 614 2898 pedimento
645 2855 702 2900 sit,
734 2856 835 2901 quod
868 2857 992 2893 adhuc
1015 2858 1054 2894 in
1081 2858 1265 2904 catalogis
1288 2857 1645 2911 hierom-nemonum
1670 2855 1800 2891 nullus
1823 2854 1981 2900 Magnes

399 2969 455 3012 42
