2040 3216
398 201 480 239 888.
886 203 1167 249 Scaptopareni
1189 203 1240 240 ad
1261 202 1507 240 Gordianum.
1867 198 1937 241 238
1953 216 1990 250 p.

399 340 489 383 feld)
505 340 593 377 Ath.
605 342 701 378 Mitt.
711 341 794 379 XVI
806 341 985 386 1891‚267
1003 352 1051 378 ex
1066 342 1290 389 apographo
1307 342 1466 387 Kapelu,
1487 342 1552 389 qui
1565 353 1700 379 versus
1715 352 1794 379 non
1811 340 1989 387 distinxit,

401 401 440 434 et
462 401 601 445 ectypo
625 398 766 445 lapidis
787 398 866 435 iam
888 400 1008 436 multo
1025 399 1148 445 magis
1164 399 1329 435 mutilati
1351 400 1473 446 (Sym
1486 400 1588 445 418);
1612 401 1828 437 Mommsen
1851 399 1928 448 CIL
1943 400 1990 436 111

401 468 432 498 s,
450 455 565 492 12336
594 467 683 493 cum
715 457 794 494 tab.
818 467 943 503 geogr.
959 457 1007 494 1v
1034 457 1194 503 (Cagnat
1217 457 1301 494 IGR
1328 457 1343 493 1
1368 457 1460 501 674).
1503 458 1559 495 Cf.
1583 457 1760 494 wilhelm
1785 456 1990 494 Goetthra

402 513 504 557 1903,
520 513 591 550 798
613 516 653 550 et
675 515 791 551 Beitr.
808 514 895 560 1973
919 515 1159 552 Rostowzew
1183 514 1351 551 Kolonat
1372 514 1454 551 303.
1870 515 1944 560 [Hs]

492 604 660 642 Litterae
686 610 959 646 ΕΖΘΞΞΠΟω.
1006 606 1075 643 Hic
1099 606 1230 643 titulus
1247 606 1417 643 Graecus
1442 617 1511 652 per
1533 609 1614 643 tres
1635 607 1801 654 paginas
1823 606 1905 643 sive
1929 618 1992 643 co-

400 662 554 699 lumnas
571 666 607 708 (a
622 666 643 700 b
657 669 688 709 e)
712 665 877 711 scriptus
893 667 962 709 est,
988 675 1148 711 quarum
1164 664 1274 701 initia
1296 668 1342 709 (v.
1356 665 1482 705 1—20.
1499 665 1651 712 61—'74‚
1668 665 1875 710 112—126),
1899 666 1990 712 quia

400 720 499 766 lapis
523 721 722 767 aliquanto
738 725 942 769 postquam
957 722 1139 758 inventus
1156 723 1239 758 erat
1260 732 1376 768 supra
1393 722 1589 758 mutilatus
1605 724 1675 767 est,
1701 722 1751 759 ab
1769 725 1906 769 ectypo
1923 722 1991 758 ab·

402 780 503 814 sunt.
543 779 650 826 Quae
667 791 748 816 uno
765 781 912 826 Kapelu
930 781 1168 826 apographo,
1193 779 1297 826 quod
1318 790 1499 816 versuum
1518 779 1704 816 divisione
1720 779 1889 826 carebat,
1913 791 1992 816 ser-

401 838 494 872 vata
518 838 740 874 necessario
764 838 804 874 in
827 849 962 874 versus
978 838 1128 874 diremit
1142 837 1243 874 Dttb.
1259 837 1470 874 litterarum
1486 838 1647 874 numero
1663 849 1713 874 ex
1728 837 1991 884 superstitibus

402 894 573 937 partibus
605 897 842 942 computato.
883 895 1234 932 Praemittebantur
1257 895 1414 932 Graecis
1447 906 1546 942 quae
1576 894 1724 932 edimus
1752 894 1894 932 Latina
1924 906 1992 941 per

400 953 524 987 totam
547 952 686 998 lapidis
702 953 946 989 latitudinem
963 953 1156 990 continuis
1171 952 1346 990 versibus
1365 953 1518 999 scripta.
1543 963 1643 1000 quae
1658 953 1737 990 iam
1753 956 1992 989 evanuerant

402 1019 490 1045 cum
507 1013 685 1056 ectypum
711 1011 830 1056 fieret,
854 1010 910 1047 ita
925 1013 968 1047 ut
984 1022 1031 1047 ex
1047 1021 1126 1047 uno
1144 1010 1366 1056 apographo
1386 1020 1568 1057 perquam
1589 1009 1777 1047 mendoso
1793 1013 1890 1047 nota
1905 1011 1993 1053 sint,

401 1067 498 1102 haec
522 1068 594 1112 (A):
620 1068 727 1105 Bona
749 1061 1081 1116 for-tum.{1⁴⁷ulv‘io
1104 1068 1176 1105 Pio
1199 1072 1231 1104 et
1246 1068 1378 1104 Pontio
1394 1068 1549 1104 Proculo
1572 1079 1670 1105 cons.
1686 1067 1807 1105 XVH
1822 1069 1891 1105 kal.
1908 1068 1991 1105 Ian.

402 1125 623 1172 descriptum
646 1130 679 1162 et
693 1127 698 1173 Ι
712 1127 940 1173 recoynilum
962 1126 1104 1171 factum
1127 1138 1171 1163 ex
1186 1126 1279 1162 libro
1295 1127 1498 1162 libellorum
1513 1125 1776 1172 rescriptorum
1791 1138 1817 1162 a
1831 1125 1994 1173 delmino
2036 1124 2040 1165 ,ἶ

402 1186 546 1225 πζοείνο)
571 1183 664 1231 Imp.
681 1185 733 1220 M.
750 1185 914 1221 Antonio
935 1184 1122 1220 Gordiano
1143 1184 1215 1220 Pio
1236 1183 1357 1220 Felice
1379 1184 1472 1230 Any.
1498 1187 1531 1220 et
1547 1183 1834 1231 propoflsitorum
1856 1183 1998 1220 Romae
2036 1203 2040 1234 j

402 1242 446 1276 in
471 1241 621 1287 porticu
648 1246 853 1279 lermamm
883 1242 1135 1278 Traianarum
1169 1242 1210 1278 in
1237 1242 1344 1278 verba
1372 1243 1486 1288 qmae)
1510 1241 1640 1286 ἠπίη)
1671 1241 1832 1287 ε(οπ“ρία)
1863 1244 1962 1286 sunt,
1984 1242 1988 1287 Ι

402 1299 551 1343 dat(um)
571 1312 640 1346 per
655 1301 746 1337 Aur.
763 1300 931 1336 Parrum
946 1300 1124 1344 milfflem)
1150 1299 1328 1341 eohlortis)
1347 1299 1578 1345 puaetoriae)
1598 1298 1710 1345 miae)
1733 1298 1880 1344 slidelt'e)
1902 1298 1995 1335 Gor·

402 1357 539 1393 dianae
560 1356 578 1393 ‘1
604 1358 780 1405 Proculi!
801 1357 1044 1394 convicanum
1072 1361 1105 1393 et
1133 1368 1450 1403 conpossessorem.
1494 1356 1599 1392 Haec
1623 1355 1784 1401 repetivi
1814 1354 1944 1402 qualia
1968 1366 1993 1392 a

401 1414 640 1451 Mommseno
663 1415 842 1451 restituta
865 1417 967 1459 sunt,
1000 1426 1079 1451 non
1105 1414 1271 1451 enotatis
1295 1413 1509 1460 apographi
1535 1412 1727 1450 erroribus
1750 1412 1841 1459 quia
1863 1423 1994 1449 emen·
2029 1404 2040 1460 Ξ

403 1472 507 1508 datio
532 1482 721 1519 nusquam
747 1472 863 1508 dubia
887 1474 959 1514 est.
997 1472 1103 1508 Infra
1121 1473 1269 1509 Graeca
1293 1472 1409 1508 finem
1433 1471 1554 1508 totius
1575 1470 1676 1507 tituli
1693 1470 1842 1507 faciunt
1856 1472 1995 1508 iterum
2031 1479 2040 1487 '²

401 1528 542 1565 Latina
566 1540 646 1566 non
671 1529 795 1566 divisa
818 1541 887 1576 per
909 1529 1110 1566 columnas
1134 1529 1234 1566 haec
1259 1530 1340 1574 (E):
1364 1529 1458 1576 Imp.
1481 1527 1680 1566 answrM.
1697 1528 1883 1566 Anconem
1902 1527 1994 1565 Gor-
2033 1566 2035 1570 ,

402 1588 541 1624 dvorsus
561 1588 657 1625 Pius
679 1588 787 1624 Felix
808 1589 901 1635 Any.
919 1588 1068 1624 vikanis
1093 1600 1163 1634 per
1184 1588 1349 1634 Pyrrum
1379 1587 1559 1630 milda-m)
1583 1587 1921 1633 eonposeeslsorem:
1950 1585 2035 1622 Id

400 1656 517 1692 ⁸‹Jevms
539 1647 741 1692 quaerellae
759 1647 956 1692 praecibus
970 1646 1152 1682 mimium
1177 1649 1262 1682 ante
1276 1645 1425 1682 iustitia
1442 1644 1631 1691 praesidis
1646 1643 1651 1692 Ι
1660 1644 1787 1690 potius
1807 1655 1919 1690 super
1932 1644 1994 1680 lz-v's
2030 1651 2040 1683 ‘1

403 1715 495 1749 quae
517 1704 773 1750 alleqabumur
794 1704 979 1740 instructa
1000 1703 1166 1749 diseinye
1188 1715 1301 1749 quam
1321 1702 1497 1748 ream-ipio
1515 1702 1727 1749 principali
1739 1702 1744 1748 Ι
1758 1705 1895 1738 certam
1916 1702 1992 1746 for·
2027 1697 2040 1740 Ξ

403 1773 506 1797 mam
527 1766 713 1808 reportare
735 1762 871 1798 debeas.
910 1761 1110 1807 Rescripsi.
1151 1760 1280 1807 Siqua.

494 1818 551 1854 Ex
581 1818 641 1855 his
672 1819 934 1855 instrumentis
963 1818 1081 1855 totius
1114 1818 1257 1864 negotii
1290 1817 1460 1854 ordinem
1485 1817 1745 1853 Mommsenus
1773 1816 1995 1854 enucleavit

402 1876 522 1912 hunc:
548 1875 830 1922 Scaptopareni
854 1877 1117 1912 Romanorum
1144 1885 1190 1911 ac
1214 1874 1455 1921 potissimum
1478 1874 1641 1910 militum
1666 1872 1845 1919 superbia
1869 1875 1909 1909 et
1932 1884 1992 1909 ar-

401 1933 579 1978 rogantia
594 1933 852 1969 ·multifariam
877 1933 1001 1978 pressi
1027 1932 1317 1978 sumptibusque
1340 1931 1520 1968 exhausti
1543 1930 1719 1976 precibus
1742 1930 1770 1975 (Ι
1792 1930 1991 1974 v.1—100)

403 1990 579 2026 adierunt
602 1990 872 2035 imperatorem
896 2001 966 2036 per
979 1989 1171 2026 Aurelium
1188 1989 1371 2035 Pyrrhum
1393 1989 1575 2025 vicanum
1600 1998 1712 2024 suum
1738 1988 1803 2034 qui
1826 1988 1866 2024 in
1882 1999 1993 2034 prae·

403 2047 500 2083 torio
524 2048 727 2083 militabat.
768 2047 845 2083 Sed
868 2047 1044 2093 princeps
1060 2047 1243 2092 rescripto
1262 2047 1323 2091 (Ε)
1347 2056 1416 2092 per
1439 2046 1624 2092 Pyrrhum
1649 2045 1700 2082 ad
1715 2044 1878 2083 vicanos
1901 2047 1993 2083 dato

402 2105 609 2150 respondit,
639 2105 739 2141 tales
763 2105 954 2151 querellas
985 2115 1064 2141 non
1090 2104 1219 2140 statim
1245 2104 1296 2140 ad
1319 2114 1362 2140 se
1386 2104 1513 2150 ipsum
1537 2102 1770 2140 deferendas
1793 2113 1892 2149 esse,
1923 2104 1993 2140 sed

402 2163 506 2207 prius
519 2162 736 2209 praesidem
752 2162 973 2208 provinciae
990 2161 1221 2207 adeundum,
1246 2162 1310 2208 qui
1331 2172 1401 2198 eas
1426 2163 1608 2198 accurate
1625 2161 1874 2198 examinaret„
1910 2161 1992 2197 Hoc
2014 2206 2017 2210 v

403 2231 629 2266 responsum
651 2221 772 2266 ipsius
794 2220 1216 2266 principis'signatione
1241 2220 1438 2266 (rescripsi)
1462 2220 1621 2266 eiusque
1644 2219 1711 2266 qui
1742 2218 1778 2255 ei
1807 2228 1832 2255 a
1854 2218 1993 2255 libellis

404 2281 488 2314 erat
517 2278 800 2324 subscriptione
824 2279 1035 2325 (reeoynovi)
1068 2278 1256 2314 munitum
1286 2277 1407 2323 lapidi
1436 2276 1680 2313 incidebatur
1708 2278 1748 2313 et
1775 2275 1815 2312 in
1844 2274 2023 2322 porticu·

404 2336 638 2380 thermarum
654 2336 907 2372 Traianarum
925 2337 970 2380 (A
983 2346 1019 2372 v.
1032 2336 1065 2379 5)
1090 2335 1239 2381 publice
1263 2334 1558 2381 proponebatur.
1598 2333 1690 2370 Inde
1715 2333 1775 2370 die
1791 2334 1838 2373 16
1852 2344 1904 2370 m.
1919 2333 2006 2371 De-.
2023 2378 2028 2381 .

404 2393 567 2429 cembris
597 2404 632 2430 a.
653 2393 724 2430 238
747 2394 916 2439 Pyrrhus
945 2393 1209 2439 apographum
1242 2392 1463 2431 faciendum
1495 2392 1652 2437 eiusque
1684 2390 1799 2427 fidem
1829 2391 1993 2427 testibus
2036 2390 2039 2394 ⁴

405 2455 574 2497 (quorum
604 2452 715 2497 signa
739 2454 1090 2487 commemorantur
1113 2450 1151 2485 Ε
1168 2461 1204 2486 v.
1217 2451 1251 2492 4)
1280 2449 1585 2486 confirmandum
1610 2448 1769 2493 curavit,
1801 2449 1905 2494 quod
1928 2459 1976 2484 ex
2002 2466 2004 2469 ·

405 2509 571 2554 emplum
596 2509 647 2545 ad
669 2509 832 2545 vicanos
856 2519 1015 2554 quorum
1041 2518 1200 2544 causam
1229 2506 1294 2542 ille
1318 2509 1452 2552 egerat
1481 2506 1645 2542 relatum
1669 2515 1759 2542 cum
1788 2505 1886 2551 ipsis
1906 2515 2001 2551 preu·
2029 2502 2038 2525 ‘¹

404 2566 512 2603 cibus
535 2567 573 2611 (Ι)
597 2567 688 2603 huic
712 2566 833 2612 lapidi
855 2566 1017 2602 incisum
1043 2567 1112 2602 est.
1151 2564 1264 2614 Quod
1281 2564 1461 2611 quoniam
1482 2574 1560 2599 non
1577 2565 1813 2609 cognoverat
1835 2562 1884 2598 de
1906 2559 1997 2609 ips?
2031 2608 2033 2610 Ι

405 2634 525 2659 causa
548 2623 737 2669 princeps,
762 2624 831 2659 sed
854 2634 936 2659 rem
962 2623 1012 2658 ad
1035 2621 1250 2668 praesidem
1273 2620 1471 2667 reiecerat,
1502 2621 1604 2656 hunc
1626 2619 1706 2655 iam
1731 2629 1756 2655 a
1779 2619 1994 2669 Scaptopa*
2027 2622 2034 2677 ,³

402 2683 505 2719 renis
531 2683 678 2720 aditum
702 2694 790 2720 esse
815 2686 1119 2720 consentaneum
1137 2684 1208 2718 est.
1249 2682 1373 2728 Atque
1398 2681 1449 2717 ad
1472 2691 1520 2717 ea
1544 2690 1643 2726 quae
1667 2689 1754 2716 cum
1776 2678 1851 2714 hoc
1871 2677 2001 2723 magi·
2038 2677 2040 2714 Ξ

405 2743 528 2776 stratu
543 2741 761 2787 agebantur
775 2740 985 2777 manifesto
999 2739 1243 2776 referendum
1257 2742 1319 2775 est
1336 2739 1496 2775 alterum
1511 2748 1559 2773 ex
1574 2736 1836 2772 instrumentis
1847 2732 2003 2772 Graece
2013 2745 2016 2749 ·
2025 2751 2040 2789 “³

404 2798 556 2842 scriptis
581 2799 625 2843 (ΙΙ
642 2810 676 2834 v.
691 2798 899 2843 101—157),
928 2798 999 2834 etsi
1023 2797 1106 2833 eius
1128 2795 1228 2832 ratio
1253 2798 1291 2832 et
1315 2796 1581 2841 argumentum
1606 2793 1852 2830 difficultates
1876 2801 1973 2838 quas
1992 2816 1994 2820 ·
2022 2816 2033 2843 3

405 2853 494 2888 dam
517 2855 635 2891 habet
659 2856 718 2899 (cf.
743 2858 822 2891 not.
840 2855 907 2899 35).
948 2854 1062 2891 Vides
1094 2853 1264 2889 ordinem
1298 2856 1525 2897 temporum,
1554 2862 1602 2887 ex
1632 2861 1708 2896 quo
1733 2848 1909 2886 Caesaris
1930 2857 1972 2884 re
2011 2883 2032 2899 V,

404 2911 584 2955 scriptum
604 2913 663 2955 (E)
683 2914 772 2948 ante
787 2913 1085 2948 instrumentum
1101 2911 1134 2947 11
1153 2911 1280 2946 locum
1297 2910 1477 2954 habebat,
1500 2908 1540 2944 in
1556 2906 1758 2944 incidendo
1776 2906 1941 2952 neglect
1960 2907 2018 2961 ιιῖῥΥ

403 3024 488 3066 604
