2040 3216
434 185 514 221 845.
537 185 618 221 846.
819 185 1011 222 Plutarchi
1033 187 1074 221 et
1095 185 1203 222 Arati
1224 184 1394 231 Sicyonii
1415 186 1629 232 progenies.
1755 196 1857 222 saec.
1870 185 1966 232 ΠΙῙΠ
1982 197 2021 231 p.

435 324 636 372 ἐλλογίμων,
669 325 748 370 περὶ
779 323 1006 370 Κλεοπάτρας
1036 329 1100 371 τῆς
1129 324 1165 361 ἐν
1191 323 1343 371 Τρῳάδι,
1375 325 1614 371 πρεσβευτικὸν
1646 325 1731 371 πρὸς
1759 323 1929 361 Φίλιππον
1960 327 2018 360 τὸν

433 387 502 417 τῶν
517 378 702 428 Ῥωμαίων
735 382 886 429 βασιλέα.
933 381 1022 417 Eius
1052 381 1174 418 filium
1198 381 1458 419 Minucianum
1482 380 1622 418 Suidas
1652 392 1724 418 ss.
1743 380 1918 419 Gallieno
1948 381 2018 418 im-

434 441 612 484 peratore
642 437 839 484 (260—268
861 450 897 484 p.
915 438 1011 483 Chr.)
1042 438 1214 475 floruisse
1245 439 1373 476 refert.
1419 438 1634 486 Nicagorae
1663 438 1783 475 etiam
1808 439 1910 485 apud
1931 439 2019 475 Phi-

434 498 635 534 lostratum
659 496 692 532 11
707 496 764 541 27,
780 496 804 532 6
825 506 862 542 p.
879 495 965 540 6203
997 495 1054 542 33,
1069 497 1093 532 4
1116 506 1154 541 p.
1169 495 1239 531 628
1267 496 1412 532 mentio
1444 496 1486 532 fit
1516 496 1584 540 ita,
1615 497 1657 532 ut
1685 494 1753 532 illa
1785 506 1884 542 quae
1917 496 2021 542 apud

433 554 593 591 Suidam
623 556 686 589 est
717 551 900 599 temporis
930 552 1078 589 notatio
1108 554 1363 589 confirmetur.
1492 555 1542 589 18
1571 552 1627 590 Cf.
1651 552 1808 589 Philost.
1823 552 1894 590 vit.
1910 555 2019 599 soph.

434 612 466 647 Π
480 611 537 657 33,
551 612 576 647 4
596 622 632 657 p.
644 611 729 647 628:
761 612 821 647 zui
849 612 926 660 περὶ
948 610 1142 659 Νικαγόρου
1165 615 1226 646 τοῦ
1249 609 1440 658 Ἀθηναίου,
1472 612 1510 650 ὃς
1533 612 1592 646 καὶ
1613 615 1675 647 τοῦ
1690 608 1900 647 Ἐλευσινίου
1927 612 2021 660 ἱεροῦ

434 669 540 716 κῆρυξ
569 670 646 705 ἐστέ
649 669 734 716 φθη.
866 671 917 704 14
945 668 1083 704 Tenuit
1110 667 1224 713 igitur
1244 668 1453 714 Nicagoras
1481 670 1541 704 τὸν
1564 666 1726 716 Ἀθήνησι
1752 674 1823 704 τῶν
1851 674 2018 716 σοφιστῶν

435 727 635 774 ὲ1ρόνον,111
659 726 824 772 loquitur
845 725 1098 762 Philostratus
1123 725 1251 770 (veluti
1274 725 1307 761 Π
1322 726 1379 771 27,
1395 726 1419 762 4
1436 737 1473 772 p.
1485 725 1578 769 618)
1616 725 1691 772 Qui
1715 726 1819 772 quod
1841 726 1890 764 de
1906 725 2020 763 Nica-

434 794 528 829 gora
550 784 626 820 hoc
648 783 775 829 ipsum
798 782 1010 819 memoriae
1032 793 1111 818 non
1135 782 1312 828 prodidit,
1336 793 1415 819 non
1439 785 1500 819 est
1521 782 1752 826 mirandum,
1777 781 1867 829 quia
1889 782 1937 820 de
1953 783 2020 819 illo

434 844 476 877 ut
499 841 546 878 de
563 841 796 878 Philostrato
812 840 971 877 Lemnio
996 842 1036 876 et
1049 839 1195 886 Apsine
1210 840 1405 877 Phoenice
1429 843 1548 886 negat
1570 850 1614 876 se
1637 840 1917 885 disputaturum
1935 850 2021 876 esse

433 901 585 945 propter
614 898 927 942 familiaritatem,
958 908 1007 933 ne
1034 897 1109 933 illis
1133 900 1270 934 contra
1292 898 1495 934 veritatem
1519 897 1758 944 gratificatus
1781 907 1866 933 esse
1891 896 2021 934 existi·

434 959 565 992 metur.
676 958 726 991 15
753 955 807 993 Cf.
825 954 983 992 11.829Α
999 966 1088 991 cum
1103 955 1206 991 notis
1220 958 1259 991 et
1269 955 1349 992 843.
1457 957 1508 991 16
1532 955 1692 992 Sextum
1709 954 2020 992 Chaeronensem

434 1013 699 1060 philosophum
717 1012 958 1050 Platonicum
973 1012 1171 1049 Plutarchi
1193 1013 1320 1049 fratris
1345 1015 1412 1049 aut
1429 1013 1570 1049 sororis
1584 1012 1703 1049 filium
1718 1012 1836 1049 misse
1853 1015 2019 1049 constat.

434 1071 606 1118 Namque
629 1071 838 1119 ἀδελφιδοῦς
859 1071 960 1107 illius
984 1070 1092 1107 audit
1116 1071 1218 1116 apud
1234 1070 1393 1107 Suidam
1417 1081 1489 1107 επ.
1508 1070 1641 1115 Σέξτος,
1665 1080 1764 1116 quae
1779 1080 1856 1106 vox
1870 1069 2020 1106 nullam

434 1128 551 1165 habet
575 1128 876 1174 ambiguitatem,
901 1138 988 1164 cum
1006 1128 1185 1164 Latinum
1209 1140 1330 1175 nepos,
1353 1138 1430 1174 quo
1446 1127 1629 1175 Apuleius
1644 1128 1797 1164 Metam.
1814 1127 1840 1173 Ι,
1856 1127 1880 1163 2
1902 1125 2022 1164 utitur

434 1186 565 1222 minus.
580 1186 732 1232 proprie
757 1185 875 1222 etiam
900 1185 947 1221 de
970 1186 1101 1222 fratris
1118 1188 1186 1222 aut
1201 1185 1342 1222 sororis
1359 1185 1438 1221 filio
1453 1187 1669 1231 usurpetur.
1708 1183 1813 1221 Sane
1829 1184 1865 1221 si
1880 1184 2020 1221 Sextus

433 1245 541 1280 recta
563 1243 667 1280 linea
692 1254 716 1279 a
739 1243 946 1280 Plutarcho
971 1243 1156 1289 originem
1181 1243 1351 1288 haberet,
1376 1242 1526 1289 proprie
1549 1243 1762 1289 Nicagoras
1785 1242 1836 1278 ab
1858 1244 2037 1288 utroque·

434 1301 667 1337 descendere
697 1301 897 1346 diceretur,
927 1311 1015 1336 cum
1047 1301 1087 1336 in
1114 1301 1180 1336 illa
1206 1301 1326 1337 altera
1349 1301 1574 1345 parentelae
1597 1299 1748 1336 ratione
1770 1299 2020 1336 manifestum

434 1358 494 1403 sit,
524 1368 611 1393 eum
641 1360 727 1394 aut
756 1358 857 1394 inter
879 1358 1075 1394 Plutarchi
1100 1360 1180 1394 aut
1202 1358 1302 1394 inter
1326 1357 1432 1394 Sexti
1455 1360 1629 1403 posteros
1651 1357 1896 1393 referendum
1920 1359 2020 1393 esse.

433 1415 511 1451 Sed
533 1415 631 1451 haec
655 1416 782 1452 minus
807 1418 992 1452 accurata
1015 1415 1310 1452 necessitudinis
1333 1415 1576 1461 significatio,
1598 1414 1824 1460 praesertim
1849 1413 1917 1450 ubi
1939 1413 2019 1460 qui-

433 1472 558 1517 spiam
581 1472 774 1509 nobilibus
798 1473 1008 1509 maioribus
1031 1473 1222 1519 gloriatur,
1245 1472 1350 1509 haud
1370 1472 1592 1518 infrequens
1615 1474 1698 1508 est.‘
1732 1471 1834 1507 Dttb.

516 1564 665 1610 A846.
708 1572 993 1617 Polycraten»,
1032 1571 1163 1608 Arati
1196 1571 1456 1616 progenies,
1501 1572 1560 1608 ab
1599 1569 2018 1616 Amphictyonibus

433 1636 479 1671 et
506 1635 705 1672 Achaeis
734 1634 1005 1673 honoratur.
1059 1633 1214 1680 Delphis
1237 1634 1278 1670 111
1301 1633 1509 1671 columella
1530 1643 1665 1670 marm.
1681 1631 1876 1670 Pentelici.
1923 1632 2018 1669 Edd.

434 1691 569 1728 Clarke
591 1692 700 1728 TraV.
722 1692 755 1728 11
785 1703 841 1738 ps.
866 1692 915 1728 111
940 1693 1007 1729 181
1031 1692 1197 1736 (Boeckh
1221 1691 1301 1729 CIG
1323 1691 1432 1736 1718;
1462 1691 1515 1727 Le
1527 1691 1605 1727 Bas
1626 1690 1725 1735 896„
1757 1689 1883 1727 Leake
1908 1689 2019 1726 Trav.

432 1749 561 1785 North.
578 1750 639 1786 Gr.
656 1750 688 1785 ΙΙ
705 1750 775 1786 639
791 1761 828 1786 n.
843 1750 888 1785 13
913 1761 1000 1786 cum
1017 1749 1094 1786 tab.
1110 1749 1227 1785 XXIII
1242 1760 1280 1786 n.
1297 1748 1380 1793 102;
1405 1748 1589 1785 Wescher
1608 1757 1779 1784 monum.
1795 1747 1858 1783 bil.
1875 1747 1956 1783 166.
1971 1767 2019 1773 ——

432 1806 622 1852 Exscripsi
646 1818 680 1843 a.
696 1807 799 1844 1884.
1885 1804 1970 1848 {Pto}

434 1877 569 1933 ἀγαθὴ
610 1878 727 1934 τύχη.
748 1876 754 1935 1
773 1876 859 1935 Τιβ.
892 1876 969 1919 Κλ.
1001 1876 1345 1934 ΠολυκράτειανῙ,
1383 1873 1662 1918 Ναυσικάαν2
1678 1873 1686 1931 Ι
1702 1874 1774 1931 τὴν
1804 1874 2019 1931 κρατίστην

431 1945 501 1987 καὶ
531 1945 764 2003 ἀρχιέρειαν
795 1948 866 1988 τοῦ
895 1943 1150 2003 κοινοῦΙτῶν
1170 1943 1353 2002 Ἀχαιῶν,
1385 1942 1472 2001 Τιβ.
1496 1941 1572 1986 Κλ.
1595 1941 1913 2000 Πολυκράτους3
1943 1943 2019 2000 ἀρ-

386 2028 409 2062 5
432 2014 602 2071 χιερέως
618 2012 627 2071 Ι
643 2013 714 2056 καὶ
744 2013 1034 2071 ἑλλαὸάρχου4
1064 2010 1132 2056 διὰ
1155 2013 1243 2070 βίου
1262 2016 1333 2056 τοῦ
1355 2015 1490 2055 κοινοῦ
1510 2014 1589 2055 τῶν
1609 2010 1795 2069 Ἀχαιῶν,
1814 2009 1821 2069 Ι
1837 2010 1909 2054 καὶ
1927 2010 2016 2069 Τιβ.

433 2080 509 2125 Κλ.
532 2082 764 2139 Διογενείας
796 2083 1030 2140 ἀρχιερείας
1058 2084 1128 2124 τοῦ
1157 2085 1293 2125 κοινοῦ
1322 2085 1400 2124 τῶν
1419 2080 1424 2139 Ι
1441 2080 1613 2139 Ἀχαιῶν
1643 2081 1863 2138 θυγατέρα,
1890 2095 2020 2120 xxxx

431 2150 475 2194 τὸ
504 2151 638 2194 κοινὸν
667 2154 746 2194 τῶν
767 2150 1070 2209 ἈμφιῙκτυόνων
1101 2151 1170 2194 καὶ
1199 2151 1265 2194 τὸν
1289 2150 1421 2194 κοινὸν
1441 2153 1522 2192 τῶν
1540 2148 2029 2208 ἈχαιῶνΙκκκχκᾰρεε

431 2223 502 2277 τῆς
515 2237 541 2260 ><
550 2236 574 2261 ><
585 2236 609 2261 ><
622 2221 769 2264 ἕνεκεν.
2022 2208 2032 2231 ’⁸

526 2314 545 2347 1
575 2311 783 2358 Progenies
808 2312 917 2348 Arati
940 2311 1108 2358 Sicyonii
1132 2312 1192 2356 (cf.
1208 2314 1286 2348 not.
1303 2312 1349 2355 3),
1373 2311 1483 2348 cuius
1506 2320 1603 2347 uxor
1622 2309 1852 2356 Polycraten.
1868 2319 1895 2346 a
1908 2309 1992 2346 Livi
2005 2346 2014 2357 ,Ι
2038 2347 2040 2351 ,

431 2368 563 2406 XXVII
577 2369 623 2405 31
649 2371 986 2406 commemoratur.
1024 2369 1067 2405 In
1093 2369 1294 2405 columella
1316 2368 1422 2404 haud
1437 2377 1582 2414 magna
1606 2370 1653 2412 (a.
1668 2367 1766 2412 1‚50;
1792 2365 1908 2403 diam.
1923 2366 1950 2402 0

433 2437 501 2462 seu
522 2428 655 2463 statua
679 2428 817 2473 exigua
841 2437 911 2463 seu
934 2427 1075 2463 rectius
1098 2429 1249 2463 tantum
1272 2429 1446 2472 protome
1462 2427 1546 2462 erat
1560 2425 1764 2462 collocata.
1874 2425 1902 2461 2
2037 2465 2040 2474 Ι

432 2487 632 2530 comparat
655 2485 890 2530 cognomina
913 2484 1114 2520 mulierum
1130 2484 1405 2530 Spartanamm
1423 2482 1652 2531 Πηνελόπειαι
1672 2482 1748 2518 νέαι
1771 2484 1854 2527 (eg.
1869 2480 1919 2518 IG
1933 2480 1967 2518 V
1999 2492 2001 2495 ’

431 2541 538 2586 607ae
560 2543 599 2578 et
614 2542 770 2588 saepius
786 2543 826 2577 111
842 2541 1099 2585 carminibus).
1209 2543 1235 2577 :3
1259 2541 1340 2577 Hoc
1354 2541 1435 2577 viro
1453 2539 1636 2586 Sicyonio
1652 2549 1733 2576 una
1749 2547 1839 2575 cum
1854 2537 1942 2575 Petr

431 2599 536 2635 velut
561 2599 794 2635 amicissimo
810 2599 1040 2635 Plutarchus
1054 2599 1233 2635 utebatur
1255 2619 1302 2625 -
1325 2598 1372 2634 cf.
1391 2599 1520 2634 locum
1537 2597 1589 2634 ad
1603 2596 1723 2633 n.825
1737 2596 1851 2632 not.2
1871 2597 1912 2632 et
1924 2593 1996 2631 Bm
2033 2611 2040 2652 ς

434 2656 593 2692 anatum
608 2677 653 2684 -·
670 2656 780 2703 eique
795 2656 916 2693 vitam
931 2656 1039 2692 Arati
1054 2656 1255 2702 dedicavit,
1279 2655 1329 2692 cf.
1344 2655 1395 2692 ib.
1411 2656 1432 2691 1
1455 2681 1467 2692 .
1478 2682 1490 2692 .
1506 2657 1535 2691 ὦ
1551 2653 1770 2702 Πολύκρατες
1792 2678 1804 2690 .
1816 2679 1826 2689 .
1842 2653 1895 2688 διὸ
2033 2657 2038 2674 ²

431 2715 488 2748 τὸν
512 2712 648 2759 Ἀράτου
672 2718 733 2750 τοῦ
759 2718 820 2750 σοῦ
843 2714 985 2750 πολίτου
1008 2715 1068 2750 καὶ
1090 2713 1305 2761 προπάτορος
1330 2713 1414 2761 βίον,
1437 2713 1475 2748 ὃν
1500 2712 1577 2749 οὔτε
1601 2712 1683 2760 δόξῃ
1705 2711 1751 2760 τῇ
1772 2710 1850 2758 περὶ
1875 2721 1912 2745 σε

434 2769 509 2804 οὔτε
524 2772 567 2819 τῇ
592 2772 736 2818 δυνάμει
750 2771 999 2820 καταισχύνεις,
1023 2771 1225 2807 ἀπέσταλκά
1240 2783 1292 2806 σοι
1307 2770 1631 2818 συγγραψάμενοςμ
1642 2767 1752 2805 ,ἀλλ’
1772 2767 1867 2807 ὅπως
1885 2766 1920 2802 οἱ
1980 2769 1997 2776 ”

433 2825 487 2865 ὃές
503 2838 562 2861 σου
580 2827 834 2877 Πολυκράτη
845 2840 862 2868 ς
878 2829 939 2864 καὶ
954 2827 1141 2875 Πυθοκλῆς
1165 2827 1305 2867 οἰκείοις
1327 2827 1590 2874 παραδείγμασιν
1614 2824 1888 2872 ἐντρέφωνταιμ

433 2882 473 2916 αὖ
459 2883 555 2922 τοὺς
581 2885 760 2930 μιμεῖσθαι
785 2885 960 2932 προσήκει.
995 2883 1066 2922 Hie
1079 2885 1299 2931 Polycrates
1322 2883 1447 2920 minor
1470 2885 1509 2919 et
1523 2881 1728 2928 Pythocles
1750 2881 1888 2918 fratres
1902 2865 2022 2927 Palm

431 2996 515 3038 558
