2040 3216
97 199 177 236 74⁷.
683 198 741 235 SC
766 198 813 233 de
837 197 1097 244 Amphiaraio.
1587 197 1633 232 ‘13
1649 207 1685 233 a.

97 336 302 396 Μαάρκου
339 337 425 387 υἱὸς
444 339 448 382 Ι
467 337 675 395 Κορνηλία
712 336 896 395 Κικέρων
912 338 974 391 18,
1015 335 1183 385 Κόϊντος
1203 331 1331 384 Ἄξιος
1362 334 1564 393 Μαάρκου
1600 335 1686 384 υἱὸς

97 404 253 464 Κυρίνα
267 407 329 462 1‘1,
361 405 531 455 Κόϊντος
563 406 775 463 Πομπήϊος
806 404 989 461 ΚοῖνΙτου
1026 404 1111 454 υἱὸς
1139 403 1403 462 Ἀρ[νιή]σσης
1429 402 1609 462 Ῥοῦφος
1621 405 1683 459 18,

96 473 231 524 Αὖλος
266 473 520 524 Κασιέλλιος
566 474 705 518 Αὔλου
745 474 829 523 υίὸς
872 476 893 516 ὁ
935 473 1020 522 υἱὸς
1050 471 1249 530 Ῥωμιλία
1262 475 1325 528 18,
1353 474 1358 531 Ι
1384 472 1552 521 Κόϊντος
1594 471 1686 515 Μυ-

3 548 40 576 ἓῐ-’
95 543 230 592 νόκιος
260 542 433 587 Κοΐντου
471 543 556 592 υἱὸς
590 542 886 601 Τηρηντίνα80
926 542 1160 599 flammam,
1199 540 1403 599 Μάαρκος
1440 540 1684 599 ΠοπλίιιοςΙ

3 663 10 667 .,
27 618 74 654 15
98 610 298 670 Μαάρκου
336 612 420 661 υἱὸς
442 610 611 670 Ὁρατία
648 612 928 665 Σκαιοόαςῧὲ,
965 609 1083 659 Τίτος
1119 609 1292 658 Μαίνιος
1327 609 1449 653 Τίτου
1486 609 1572 658 υίὸς
1607 611 1686 653 Λε-

96 681 301 736 μωνίαῦῧ,
334 681 504 729 Λεύκιος
522 680 527 738 Ι
546 679 751 728 Κλαύδιος
781 679 952 723 Λευκίου
983 678 1069 727 υἱὸς
1099 679 1304 735 Λεμωνία.

94 791 171 818 cos.
188 782 212 817 2
235 794 269 819 a.
287 782 369 819 Chr.
385 793 483 819 uxor
499 783 632 819 Lar-tia
649 782 714 819 Gn.
730 783 757 828 f.
775 782 844 818 fuit
861 781 1026 827 (Prosop.
1043 781 1089 817 R.
1106 781 1136 816 11
1153 781 1234 825 265,
1250 781 1319 825 69).
1351 781 1427 817 Mo.
1474 780 1569 816 Mira
1593 781 1685 816 scri-

92 840 206 883 ptura
229 839 381 887 Πηπιρία
410 839 542 876 nescio
574 851 625 876 an
655 841 773 875 errori
803 838 1037 885 quadratarii
1068 838 1262 874 debeatur.
1406 840 1455 873 15
1480 837 1535 874 Cf.
1554 837 1628 873 Cic.
1645 837 1686 874 in

91 894 194 932 Verr.
211 895 261 932 111
275 897 333 942 40,
349 897 414 933 93:
439 898 527 934 huic
550 898 667 933 eidem
694 897 912 943 Symmacho
942 895 978 932 0.
995 897 1174 932 Annaeum
1190 895 1375 932 Brocchus
1397 899 1555 939 senator,
1579 896 1686 931 homo

91 964 131 989 eo
152 953 353 1000 splendore,
380 967 423 991 ea
445 955 586 1000 virtute,
611 966 686 1000 qua
708 966 833 990 omnes
848 953 1080 997 existimatis,
1103 964 1277 989 nummos
1288 956 1435 998 praeter
1456 952 1687 997 frumentum

91 1014 234 1047 coam
262 1015 315 1048 αἱ
343 1013 441 1049 dare.
474 1013 549 1049 Mo.
595 1011 730 1047 Tribus
760 1021 904 1047 nomen
929 1011 1191 1046 Mommsenus
1215 1008 1463 1055 Κλυ(σ)τομίνα
1495 1008 1685 1055 emendat,

91 1067 162 1103 sed
184 1068 316 1105 nescio
341 1079 392 1105 an
416 1072 574 1115 propter
596 1068 703 1105 vocis
728 1069 900 1104 Graecae
929 1068 1055 1107 κλυτός
1086 1066 1371 1103 similitudinem
1402 1066 1594 1102 detortum
1624 1066 1685 1102 sit.

93 1124 269 1161 Ceterum
293 1125 520 1172 scripturam
545 1136 614 1171 per
637 1127 652 1161 1
675 1125 926 1171 antiquiorem
952 1134 1035 1160 esse
1060 1124 1212 1173 monuit
1227 1123 1329 1160 idem
1346 1124 1391 1159 R.
1408 1123 1571 1160 Staatsr.
1588 1123 1637 1159 111
1652 1123 1685 1169 1,

93 1181 194 1217 1711.
242 1182 389 1219 Graece
414 1182 635 1229 Κροπομίνα
657 1182 795 1228 legitur
817 1182 966 1227 Ioseph.
988 1181 1072 1217 Ant.
1091 1181 1172 1217 XIV
1188 1180 1269 1216 229.
1293 1181 1381 1225 2383
1413 1179 1469 1216 SC
1494 1180 1542 1216 de
1565 1179 1686 1216 Adra-

91 1238 274 1284 myttenis
298 1250 358 1285 ap.
377 1239 615 1277 Viereckium
631 1239 764 1276 Sermo
781 1240 841 1275 Gr.
858 1239 923 1275 XV
938 1238 995 1274 40.
1022 1238 1090 1274 Ba.
1117 1238 1190 1274 uo.
1289 1240 1341 1273 16
1366 1237 1506 1274 Orator
1529 1236 1685 1273 nobilis-

93 1295 230 1341 simus,
254 1296 318 1341 qui
340 1297 451 1333 huius
474 1297 551 1333 litis
582 1296 643 1332 cui
674 1296 900 1333 interfuerat
929 1298 1066 1342 postea
1097 1295 1321 1331 recordatus
1346 1297 1404 1331 est
1433 1305 1521 1330 cum
1545 1293 1684 1330 librum

18 1374 22 1378 -
93 1352 141 1389 de
163 1352 323 1389 deornm
346 1357 487 1391 natura
511 1354 772 1391 conscriberet
801 1357 890 1395 (not.
906 1354 975 1396 33).
1118 1354 1168 1389 1⁷
1200 1352 1414 1389 Familiaris
1438 1351 1622 1388 Varronis
1646 1354 1687 1386 et

4 1458 19 1464 Ἃ
94 1412 302 1458 Ciceronis,
325 1412 440 1448 homo
464 1411 591 1456 magis
615 1410 792 1456 quaestui
816 1421 933 1456 quam
949 1410 1182 1455 reipublicae
1199 1409 1392 1454 gerendae
1408 1410 1592 1453 intentus,
1617 1408 1686 1444 sed

16 1475 23 1494 ῑ
93 1473 251 1507 senator
275 1469 405 1514 (Varro
430 1469 478 1505 de
502 1479 542 1504 re
566 1470 659 1504 rust.
674 1468 723 1504 111
738 1469 773 1513 2,
789 1469 835 1511 1).
883 1466 1145 1512 Compluribus
1169 1466 1266 1502 locis
1298 1466 1382 1502 eius
1411 1465 1555 1501 mentio
1580 1465 1622 1501 fit
1645 1465 1684 1501 in

93 1526 287 1564 Ciceronis
317 1526 369 1563 ad
392 1525 558 1563 Atticum
589 1525 761 1571 epistulis
787 1525 814 1569 (1
830 1525 885 1570 12,
903 1525 936 1560 1.
968 1524 1089 1567 11115,
1105 1524 1139 1559 3.
1169 1523 1217 1560 IV
1234 1524 1291 1569 15,
1307 1524 1339 1559 5.
1371 1522 1405 1558 X
1423 1523 1477 1566 13,
1494 1523 1540 1566 2),
1564 1522 1686 1558 semel

25 1614 28 1615 γ
94 1594 154 1630 ap.
168 1583 332 1620 Plinium
347 1583 391 1620 N.
407 1583 493 1619 bist.
511 1583 591 1620 VIII
606 1583 686 1619 167.
718 1583 787 1618 Ba.
809 1582 883 1617 Mo.
980 1583 1030 1616 18
1055 1581 1098 1626 Q.
1114 1580 1318 1626 Pompeius
1333 1579 1457 1616 Rufus
1472 1579 1571 1615 filius
1588 1589 1679 1614 con-

92 1641 186 1677 sulis
209 1652 244 1677 a.
260 1640 318 1686 88,
350 1651 467 1686 gener
488 1641 527 1676 L.
545 1640 687 1683 Sullae,
717 1639 802 1685 ipso
834 1649 909 1685 qno
941 1641 1053 1684 pater
1081 1638 1219 1674 consul
1249 1639 1334 1673 erat
1367 1646 1471 1673 anno
1495 1636 1536 1671 in
1560 1635 1680 1671 turbis

93 1697 267 1735 civilibus
302 1698 452 1734 occisus
485 1701 545 1734 est
579 1698 789 1742 (Drumann
813 1696 885 1732 1v2
899 1696 969 1731 319
999 1707 1038 1731 n.
1056 1696 1100 1739 7).
1155 1694 1224 1730 Hic
1258 1704 1355 1730 sane
1392 1693 1509 1729 filium
1544 1692 1682 1729 habuit

93 1755 359 1801 cognominem
393 1755 601 1799 (Drumann
624 1754 673 1791 Ll.
691 1765 730 1790 n.
745 1753 793 1798 8),
821 1753 1015 1789 tribunum
1044 1751 1167 1797 plebis
1198 1762 1233 1787 a.
1250 1751 1307 1787 53.
1354 1750 1432 1786 Sed
1460 1761 1587 1796 neque
1618 1749 1680 1786 hic

92 1822 216 1858 neque
241 1812 398 1848 omnino
428 1813 629 1858 quisquam
660 1811 762 1847 illius
786 1810 873 1846 Rufi
901 1810 1000 1845 filius
1034 1821 1069 1846 a.
1086 1810 1132 1845 73
1155 1809 1195 1844 in
1225 1811 1365 1845 senatu
1395 1807 1513 1844 fuisse
1541 1809 1680 1853 potest,

92 1868 276 1916 siqnidem
298 1869 336 1905 L.
354 1869 460 1906 Sulla
489 1879 600 1905 socer
629 1868 729 1904 illius
754 1879 789 1904 a.
806 1867 876 1903 138
907 1870 1025 1903 natus
1057 1869 1159 1911 erat,
1185 1860 1244 1901 'ita
1272 1867 1315 1901 ut
1346 1865 1500 1910 nepotis
1529 1864 1681 1900 natales
1751 1912 1754 1915 ψ

14 1958 17 1961 ,
92 1926 198 1963 nullo
220 1928 336 1972 pacto
357 1937 395 1966 a.
411 1927 481 1962 103
495 1927 643 1971 priores
659 1936 743 1961 esse
767 1925 925 1970 possint.
959 1925 1085 1970 Quare
1102 1923 1243 1959 Rufum
1259 1922 1457 1967 maiorem,
1482 1921 1680 1957 c'onsulem

92 1983 187 2020 anni
207 1983 266 2028 88,
289 1985 378 2028 post
398 1983 557 2028 lugubre
581 1982 648 2018 filii
672 1983 795 2018 fatum
818 1982 951 2018 nescio
984 1991 1099 2027 quem
1127 1980 1325 2016 hominem
1357 1979 1566 2024 adoptasse
1593 1988 1682 2024 pro-

90 2040 220 2077 babile
236 2043 305 2084 est,
322 2039 384 2075 cui
396 2040 476 2075 iam
492 2042 538 2075 ut
550 2040 605 2075 illi
619 2039 748 2075 occiso
766 2039 808 2082 Q.
824 2039 1023 2084 Pompeius
1041 2038 1082 2081 Q.
1098 2038 1127 2083 f.
1143 2038 1266 2083 Rufus
1281 2036 1440 2072 nomina
1457 2038 1579 2071 erant.
1606 2035 1680 2070 Mo.

142 2099 195 2133 19
224 2096 489 2132 Nobilissimus
522 2095 832 2139 iurisconsultus,
869 2095 975 2131 cuins
1006 2094 1242 2129 mentionem
1278 2094 1370 2128 fecit
1397 2092 1578 2128 Horatius
1608 2094 1681 2127 art.

92 2155 192 2199 poet.
207 2153 288 2197 371,
312 2163 337 2188 a
356 2155 465 2198 patre
483 2152 703 2197 cognomini
717 2152 929 2197 distinctus,
954 2151 1063 2187 cuius
1078 2161 1172 2186 usus
1189 2150 1319 2193 (latine
1334 2151 1359 2195 f
1366 2149 1424 2186 i.e.
1441 2150 1587 2195 fst‘lo'usn
1605 2149 1680 2184 hoc

47 2249 50 2251 ,
92 2211 256 2256 primum
270 2209 393 2245 videri
416 2209 631 2254 exemplum
655 2209 818 2244 adnotat
833 2209 901 2244 Bo.
951 2209 1047 2244 Eum
1071 2218 1161 2243 cum
1187 2207 1237 2242 ad
1253 2209 1501 2252 quaesturam
1526 2205 1679 2251 quidem

93 2267 324 2313 pervenisse,
348 2266 515 2302 maiores
538 2277 629 2301 vero
654 2266 904 2310 magistratus
928 2265 978 2300 ab
1001 2265 1174 2309 Augusto
1199 2263 1271 2299 sibi
1302 2263 1455 2298 oblatos
1487 2261 1679 2306 sprevisse

94 2324 237 2360 referat
251 2323 488 2368 Pomponius
504 2322 658 2367 (Digest.
671 2322 688 2357 Ι
702 2323 736 2367 2,
753 2323 787 2367 2,
803 2323 873 2366 45),
895 2322 959 2357 hic
982 2321 1115 2356 titulus
1131 2323 1296 2357 testatur
1312 2330 1401 2355 eum
1418 2322 1509 2354 ante
1535 2328 1679 2353 annum

95 2381 142 2417 73
164 2383 409 2427 quaestorem
434 2379 565 2423 ruisse,
588 2381 631 2414 ut
656 2379 850 2416 Ciceronis
874 2379 954 2414 fere
979 2378 1150 2423 aequalis
1172 2376 1290 2412 fuisse
1315 2375 1501 2411 videatur.
1538 2375 1611 2410 Mo.

96 2477 101 2480 ,
141 2440 198 2474 20
226 2438 327 2475 Vera
360 2438 486 2473 forma
521 2439 581 2472 est
612 2437 795 2478 Ter-etium
827 2434 943 2470 etiam
975 2435 1121 2470 Graece
1157 2433 1332 2480 Τηρητίνα
1369 2431 1544 2467 scribitur
1579 2431 1681 2476 apud

95 2494 299 2540 Iosephum
322 2494 410 2530 Ant.
427 2493 509 2530 XIV
524 2493 605 2529 220.
629 2493 708 2529 229.
734 2492 834 2528 2358.-
861 2491 960 2527 Num
983 2491 1084 2525 forte
1114 2500 1257 2525 nomen
1283 2489 1383 2534 quod
1408 2490 1468 2523 est
1494 2488 1680 2524 Terentius

97 2551 214 2587 errori
236 2562 373 2587 ansam
397 2550 523 2587 dedit?
555 2550 738 2586 Mensura
760 2548 909 2584 vocalis
931 2557 1027 2583 sane
1042 2547 1083 2582 in
1099 2549 1260 2591 utraque
1277 2545 1428 2591 syllaba
1444 2544 1595 2580 diversa
1611 2547 1679 2580 est.

142 2610 193 2644 21
228 2608 417 2644 Tribunus
445 2607 567 2653 plebis
598 2607 705 2651 a.62‚
734 2616 804 2651 pro
836 2607 1012 2650 praetore
1036 2603 1151 2640 Asiae
1184 2613 1219 2638 a.
1235 2603 1280 2637 51
1313 2602 1545 2644 (Drumann2
1567 2600 1679 2637 1384.

97 2664 252 2710 111167),
275 2666 381 2701 cuius
402 2665 443 2700 in
460 2663 654 2700 Ciceronis
670 2662 840 2708 epistulis
856 2661 999 2697 mentio
1025 2661 1078 2696 fit.
1108 2659 1290 2697 Videmus
1313 2659 1377 2694 hic
1399 2669 1486 2694 eum
1502 2658 1680 2693 undecim

100 2721 212 2758 annis
233 2722 451 2767 prinsquam
477 2722 527 2757 ad
551 2720 788 2756 tribunatum
812 2718 933 2763 plebis
956 2717 1190 2763 perveniret,
1218 2716 1295 2751 iam
1324 2716 1365 2752 in
1389 2719 1530 2751 senatu
1552 2715 1681 2751 fuisse.

97 2777 166 2814 Ba.
191 2778 265 2814 Mo.
357 2780 412 2813 22
436 2779 558 2814 Homo
583 2776 779 2822 ceteroqui
801 2776 967 2821 ignotus.
1013 2774 1198 2810 Nummos
1222 2773 1287 2809 Cn.
1306 2773 1466 2818 Pompei
1494 2774 1588 2808 natu
1611 2775 1682 2808 mi-

99 2835 203 2871 noris
226 2837 378 2871 exstare
401 2846 515 2871 cusos
540 2846 566 2870 a
588 2835 635 2870 M.
652 2833 822 2869 Publicio
845 2833 973 2877 legato
997 2841 1066 2876 pro
1089 2833 1267 2875 praetore
1290 2832 1423 2866 monet
1442 2830 1515 2866 Mo.

145 2893 200 2926 28
224 2891 279 2927 Cf.
294 2895 373 2928 not.
388 2891 423 2927 8.
454 2891 655 2927 Hominem
679 2900 869 2936 nusquam
886 2888 1187 2933 commemorari,
1213 2887 1281 2923 sed
1296 2886 1483 2923 familiam
1499 2887 1681 2932 antiquae

1594 3000 1680 3043 429
